3182 5102
917 481 1023 532 nn
1056 479 1588 532 nmssnslouss
1628 479 1992 532 curcum.
2340 459 2511 538 247>

411 646 800 718 evanescit.
900 647 1099 743 Ergo
1137 647 1198 719 B
1221 648 1279 719 F
1311 670 1548 743 neque
1569 648 1806 743 major
1835 666 2074 742 neque
2107 645 2350 718 minor
2380 654 2492 717 est
2552 651 2723 701 PARS
2747 652 2849 702 111-

408 781 586 833 arcu
653 758 714 830 B
739 758 831 849 D,
884 758 1015 833 sed
1064 760 1204 856 ipsi
1256 759 1574 855 aequalis.
1683 758 1904 834 Quod
1970 769 2129 831 erat
2185 756 2488 831 demon·
2586 720 2851 825 κ-ἶΪ--ν

410 870 816 946 strandum.

509 986 1534 1059 Pnopos1‘r10111.—Dueta
1598 984 1672 1058 X
1697 986 1753 1058 P
1818 996 1894 1058 et
1957 983 2319 1080 producta
2378 985 2487 1056 in—
2511 991 2777 1055 Propositio
2800 993 2847 1041 8·

410 1099 604 1173 cidet
668 1099 748 1172 in
815 1099 899 1189 L,
951 1099 1080 1173 ubi
1131 1122 1344 1172 arcus
1401 1100 1461 1171 Β
1484 1101 1551 1172 D
1620 1099 1893 1172 divisus
1947 1106 2058 1172 est
2122 1096 2484 1170 bifariam.

407 1213 478 1285 A
529 1222 806 1308 puncto
860 1213 959 1301 X,
1014 1213 1093 1287 in
1146 1226 1348 1287 recta
1399 1213 1474 1285 X
1495 1214 1574 1303 F,
1631 1222 1960 1285 sumatur
1998 1212 2071 1283 X
2094 1211 2144 1283 Ιι
2189 1210 2488 1306 aequalis

409 1324 651 1422 duplae
706 1324 1078 1422 diagonali
1123 1327 1192 1399 A
1214 1325 1274 1398 C
1307 1357 1327 1411 ;
1380 1337 1456 1399 et
1487 1350 1534 1399 a
1579 1337 1861 1422 puncto
1908 1325 1958 1397 Ιι
2014 1324 2330 1397 ducatur
2368 1323 2418 1395 Ιι
2441 1322 2487 1396 b

406 1438 755 1534 parallela
812 1439 977 1528 BF,
1032 1463 1288 1513 secans
1356 1438 1533 1528 AB,
1597 1438 1767 1527 AS,
1841 1438 1995 1510 CD
2062 1436 2142 1510 in
2197 1436 2265 1526 b,
2308 1437 2378 1525 Ic,
2432 1435 2485 1509 l.

407 1552 570 1626 Erit
596 1574 773 1649 ergo
807 1553 943 1625 Xh
977 1552 1200 1648 dupla
1234 1551 1278 1624 b
1299 1551 1391 1635 123
1428 1563 1502 1625 et
1529 1549 1841 1647 proinde
1878 1549 1982 1622 bh
2011 1548 2308 1646 aequalis
2330 1548 2486 1621 dia-

405 1665 656 1760 gonali
684 1665 745 1736 A
774 1665 855 1738 C.
959 1664 1421 1739 Quadratum
1455 1674 1703 1736 autem
1752 1664 1846 1736 ab
1873 1662 1944 1734 X
1973 1663 2022 1735 Ιι
2055 1662 2149 1735 ad
2178 1661 2487 1757 quadra-

406 1789 567 1852 tum
599 1802 647 1852 a
681 1776 794 1849 bh
844 1777 986 1851 erit
1015 1790 1099 1849 ut
1135 1787 1179 1849 4
1218 1777 1312 1850 ad
1359 1787 1421 1866 l,
1457 1788 1533 1849 et
1566 1775 1663 1849 ad
1717 1775 2160 1873 quadratum
2212 1775 2305 1847 ab
2343 1775 2483 1848 Χῖ)

405 1903 490 1964 nt
535 1902 577 1965 4
629 1891 726 1964 ad
778 1901 846 1964 3.
950 1890 1096 1965 Sed
1163 1890 1602 1987 quadratum
1668 1890 1761 1962 ab
1813 1890 1881 1961 A
1908 1888 1968 1961 C
2039 1888 2318 1984 aequale
2372 1900 2485 1961 est

406 2012 454 2077 8
480 2004 861 2100 quadratis
881 2028 927 2078 a
953 2004 1371 2078 semiradio.
1471 2004 1670 2100 Ergo
1707 2001 2147 2098 quadratum
2181 2002 2274 2074 ab
2308 2000 2381 2071 X
2405 2001 2479 2091 h,

406 2118 630 2214 dupla
678 2118 747 2190 A
774 2118 855 2207 C,
908 2118 1186 2213 aequale
1240 2129 1352 2190 est
1407 2125 1498 2191 32
1552 2115 1928 2212 quadratis
1976 2140 2022 2188 a
2073 2113 2485 2187 semiradi0.

405 2231 503 2305 Et
535 2231 973 2328 quadratum
1016 2255 1075 2303 a
1134 2230 1178 2303 b
1198 2232 1247 2304 Ιι
1314 2229 1596 2327 aequale
1647 2237 1695 2302 8
1746 2227 2119 2326 quadratis
2174 2252 2220 2300 a
2271 2227 2489 2299 semi-

404 2344 661 2429 radioz
713 2356 789 2418 et
841 2344 1280 2439 quadratum
1322 2344 1417 2416 ab
1457 2343 1531 2414 X
1563 2341 1610 2414 b
1654 2342 1933 2438 aequale
1967 2348 2059 2415 24
2100 2338 2477 2436 quadratis

403 2482 450 2531 a
501 2458 914 2531 semiradio.
1040 2458 1135 2529 Et
1190 2456 1234 2529 b
1260 2457 1309 2529 Ιι
1363 2456 1730 2530 secabitur
1789 2453 2122 2527 bifariam
2180 2454 2272 2526 ab
2328 2452 2401 2523 X
2425 2453 2481 2525 P

402 2572 783 2667 producta.
888 2572 1146 2667 Itaque
1168 2570 1232 2642 si
1266 2569 1311 2642 b
1331 2570 1381 2642 Ιι
1415 2568 1682 2642 transit
1713 2593 1847 2665 per
1881 2570 1963 2657 L,
2000 2591 2163 2663 quae
2199 2567 2243 2640 b
2277 2567 2338 2640 L
2372 2578 2486 2640 est

402 2684 1014 2781 semidiagonalis,
1082 2683 1303 2757 etiam
1368 2683 1442 2754 X
1466 2683 1522 2755 P
1587 2682 1927 2755 transibit
1990 2704 2122 2778 per
2166 2680 2249 2753 L.
2354 2681 2485 2754 Sin

407 2797 520 2871 bh
551 2822 702 2871 non
747 2798 1015 2871 transit
1059 2821 1193 2894 per
1227 2798 1309 2885 L,
1347 2795 1520 2893 quia
1571 2806 1820 2869 tamen
1877 2793 1978 2867 bl
2016 2806 2132 2867 est
2184 2793 2484 2889 aequalis

404 2910 551 2984 AL
597 2924 674 2984 et
711 2911 826 2984 bh
878 2909 1178 3007 aequalis
1212 2910 1386 3000 AC,
1441 2907 1579 2982 erit
1615 2907 1717 2981 lh
1779 2908 2080 3004 aequalis
2142 2905 2311 2978 LC.
2414 2906 2483 2978 A

401 3036 678 3120 puncto
727 3024 788 3097 L
855 3027 1169 3099 ducatur
1236 3024 1299 3095 L
1321 3047 1390 3094 m
1455 3020 2077 3119 perpendicularis
2144 3019 2241 3092 ad
2308 3019 2368 3091 B
2393 3018 2479 3090 C.

406 3136 775 3211 Quoniam
816 3161 991 3234 ergo
1038 3135 1479 3233 quadratum
1530 3135 1624 3207 ab
1659 3134 1720 3207 L
1742 3133 1802 3206 C
1839 3133 2119 3229 aequale
2155 3142 2267 3205 est
2301 3131 2484 3205 duo-

400 3250 539 3322 bus
586 3249 961 3347 quadratis
1013 3251 1107 3323 ab
1155 3249 1216 3322 L
1236 3273 1328 3339 m,
1388 3247 1610 3320 etiam
1645 3245 1768 3335 lh,
1825 3268 1989 3342 quae
2037 3255 2149 3318 est
2181 3244 2480 3340 aequalis

403 3363 465 3434 L
486 3362 573 3453 C,
608 3375 855 3460 potest
889 3361 1036 3435 duo
1073 3361 1433 3458 quadrata
1465 3361 1561 3433 ab
1605 3358 1863 3432 eadem
1897 3359 1958 3432 L
1976 3384 2067 3430 m.
2172 3360 2477 3448 RursuS,

401 3474 628 3549 ducta
687 3476 748 3549 L
769 3475 828 3548 d
886 3473 1472 3571 perpendiculari
1545 3471 1643 3546 ad
1710 3472 1770 3545 C
1790 3473 1881 3560 D,
1952 3482 2027 3545 et
2090 3483 2482 3567 propterea

401 3588 660 3684 aequali
688 3589 749 3662 L
768 3614 836 3660 m
873 3588 1023 3662 sive
1054 3588 1113 3661 C
1134 3587 1210 3676 d,
1247 3586 1685 3683 quadratum
1727 3585 1822 3658 ab
1859 3586 1908 3658 h
1931 3584 1991 3657 C
2025 3584 2304 3680 aequale
2338 3582 2479 3657 erit

402 3701 636 3775 tribus
690 3700 1065 3797 quadratis
1097 3725 1143 3774 a
1177 3701 1237 3776 C
1260 3700 1333 3773 d.
1437 3699 1635 3795 Ergo
1697 3697 2009 3794 angulus
2067 3697 2116 3769 Ιι
2137 3696 2196 3769 d
2243 3696 2303 3769 C
2335 3696 2477 3770 erit

400 3826 666 3889 rectus».
770 3814 917 3888 Sed
968 3814 1017 3887 h
1040 3813 1074 3886 l
1091 3814 1151 3887 C
1203 3824 1316 3887 est
1369 3823 1634 3886 rectus.
1737 3812 1934 3907 Ergo
1990 3810 2023 3882 l
2071 3822 2148 3882 et
2201 3810 2258 3882 d
2306 3820 2478 3883 sunt

399 3926 593 4000 idem
646 3939 1025 4024 punctum.
1125 3924 1421 3999 Transit
1474 3949 1653 4021 ergo
1692 3924 1736 3997 b
1759 3923 1792 3997 l
1819 3948 1952 4020 per
2000 3933 2355 4021 punctum
2390 3922 2472 3994 L.

402 4041 650 4115 Quare
714 4040 1077 4136 producta
1140 4040 1214 4111 X
1238 4039 1297 4111 P
1350 4038 1614 4111 transit
1669 4060 1803 4133 per
1855 4038 1936 4109 L.
2043 4034 2265 4110 Quod
2318 4044 2477 4108 erat

400 4152 1071 4227 demonstrandum.
1211 4151 1554 4248 Sequitur
1618 4151 1794 4224 hinc
1872 4150 2306 4247 quadratum
2380 4149 2478 4221 ab

399 4265 472 4336 X
496 4265 541 4338 b
601 4267 880 4362 aequale
933 4289 1090 4339 esse
1143 4275 1236 4339 24
1293 4264 1667 4362 quadratis
1715 4289 1762 4337 a
1829 4263 2239 4337 semiradio.
2345 4263 2475 4335 Se-

401 4379 647 4474 quitur
701 4379 1026 4453 secundo
1083 4379 1143 4451 L
1162 4378 1209 4450 k
1264 4377 1619 4474 aequalem
1675 4400 1835 4451 esse
1905 4376 2020 4449 Ll
2081 4376 2231 4448 sive
2299 4375 2360 4448 L
2379 4400 2469 4448 m.
