3182 5102
338 624 511 740 PAlztg
541 624 627 674 IV.

349 3462 660 3526 Diaphanum

348 3537 398 3576 et
418 3542 637 3591 opacum,

353 3594 468 3657 quid
489 3599 538 3640 et
559 3591 701 3641 unde.

703 438 846 503 390
1544 453 1924 505 ΡΗΥειοΑ.

706 617 919 691 simul
973 618 1297 691 omnium
1353 630 1463 691 est
1515 620 1998 693 restitutionis
2054 617 2519 716 principium.
2624 614 2768 686 Re-

705 744 907 804 moto
943 755 1117 825 ergo
1169 731 1716 828 impedimento,
1771 733 1851 805 id
1892 745 2025 822 est,
2059 733 2133 806 vi
2167 756 2312 828 qua
2342 731 2534 802 flexa
2564 739 2771 801 tene-

703 847 944 933 batur,
979 845 1427 919 restituetur.
1514 849 1768 921 Motus
1796 858 2042 920 autem
2066 846 2409 943 partium,
2447 866 2593 939 quo
2625 841 2770 912 hoc

704 961 811 1047 fit,
846 958 966 1030 ille
1004 969 1140 1047 est,
1178 983 1395 1055 quem
1432 961 1943 1056 supposuimus
1972 960 2374 1056 simplicem
2408 978 2590 1044 esse,
2619 954 2771 1025 sive

706 1073 784 1145 in
811 1095 887 1143 se
922 1071 1373 1144 redeuntem.
1447 1074 1762 1148 Quando
1799 1097 1976 1168 ergo
2012 1074 2089 1146 in
2116 1072 2455 1146 flectione
2481 1067 2773 1141 laminae

708 1184 950 1280 capita
1002 1187 1157 1281 ejus
1210 1185 1697 1277 adducuntur,
1740 1189 1847 1275 fit,
1894 1212 1983 1259 ex
2014 1213 2165 1261 una
2198 1185 2494 1284 quidem
2537 1192 2771 1278 parte,

709 1300 1150 1394 compressio
1204 1302 1730 1396 particularum
1783 1313 2060 1392 mutua,
2122 1301 2250 1398 qui
2303 1309 2607 1372 conatus
2658 1304 2775 1367 est

710 1412 1003 1485 conatui
1065 1414 1523 1498 contrarius3
1579 1439 1673 1487 ex
1725 1415 1959 1487 altera
2015 1425 2246 1510 parte,
2304 1415 2390 1486 fit
2448 1408 2774 1506 particu-

710 1526 945 1599 larum
999 1525 1332 1599 divulsio.
1456 1528 1783 1601 Conatus
1841 1551 2015 1623 ergo
2081 1526 2630 1624 particularum,
2680 1522 2776 1594 ab

709 1663 859 1711 una
900 1649 1132 1733 parte,
1172 1640 1411 1712 tendit
1443 1640 1537 1713 ad
1571 1640 1863 1714 laminae
1898 1640 2432 1713 restitutionem
2465 1661 2511 1710 a
2534 1634 2777 1708 medio

713 1776 961 1825 versus
996 1753 1259 1848 capita,
1296 1755 1502 1850 cujus
1537 1756 1837 1827 effectus
1879 1766 1990 1827 est
2021 1766 2128 1845 ut,
2156 1779 2246 1827 ex
2281 1754 2513 1826 altera
2544 1759 2779 1847 parte,

713 1865 1091 1961 particulae
1153 1879 1511 1941 conentur
1577 1893 1624 1941 a
1690 1869 2048 1965 capitibus
2110 1868 2207 1941 ad
2270 1866 2642 1947 medium;
2714 1860 2778 1932 is

718 1980 942 2076 igitur
977 1990 1306 2069 conatuS,
1343 2005 1511 2053 cum
1548 1982 1644 2055 sit
1677 1982 2158 2056 restitutionis
2193 1980 2539 2077 perfectae
2577 1976 2783 2072 prin-

718 2093 1011 2189 cipium,
1075 2106 1359 2167 remoto
1430 2093 1955 2190 impedimento
2015 2095 2360 2167 laminam
2421 2090 2781 2164 restituet.

719 2207 957 2279 Causa
1009 2230 1184 2301 ergo
1253 2207 1617 2303 explicata
1669 2220 1780 2281 est
1845 2207 2234 2304 possibiliS,
2303 2230 2528 2302 quare
2592 2205 2784 2276 flexa

719 2318 1055 2414 quaedam
1088 2343 1165 2391 se
1204 2320 1601 2393 restituunt
1629 2354 1648 2405 ;
1701 2344 1865 2416 quae
1898 2333 2059 2394 erat
2090 2318 2541 2416 explicanda.

818 2432 1128 2527 Lapides
1181 2444 1427 2505 autem
1462 2458 1630 2506 cum
1681 2458 1770 2505 ex
1803 2434 2048 2506 multis
2100 2432 2503 2505 durissimis
2554 2430 2784 2526 parti-

723 2546 905 2620 culis
958 2547 1092 2619 sub
1129 2559 1401 2620 terram
1432 2548 1617 2621 fiant
1647 2573 1778 2644 per
1810 2548 2323 2638 accretionem,
2360 2572 2523 2644 quae
2554 2545 2784 2642 parti-

726 2661 909 2733 culae
936 2660 1175 2732 minus
1203 2672 1427 2750 arcte,
1463 2661 1540 2733 id
1575 2673 1709 2750 est,
1744 2661 2145 2738 secuudum
2182 2662 2499 2733 minores
2535 2683 2789 2755 super-

728 2773 929 2846 ficies
995 2773 1187 2846 inter
1253 2798 1331 2848 se
1398 2777 1793 2866 cohaerent,
1862 2788 1941 2848 et
2002 2775 2310 2871 proinde
2389 2775 2791 2847 admittunt

727 2887 1120 2981 particulas
1166 2888 1404 2961 aeris:
1457 2914 1754 2963 necesse
1815 2901 1948 2979 est,
2006 2889 2181 2962 dum
2233 2890 2652 2976 flectuntur,
2700 2899 2790 2960 ut

725 2999 1086 3072 difficilius
1136 3000 1422 3073 interne
1469 3002 2044 3098 comprimantur
2090 3003 2184 3076 ob
2229 3001 2593 3074 duritiem.
2691 3001 2789 3072 Et

723 3113 1069 3207 quoniam
1102 3113 1337 3187 laxius
1379 3115 1572 3188 inter
1609 3139 1686 3189 se
1734 3117 2127 3206 cohaerent,
2177 3116 2437 3188 laxatis
2487 3126 2789 3188 externe

722 3225 1098 3322 particulis
1121 3226 1342 3316 duriS,
1378 3240 1626 3323 partes
1653 3252 1886 3301 aereae
1911 3229 2323 3303 necessario
2350 3239 2743 3324 erumpunt
2764 3257 2790 3310 ;

726 3339 922 3411 unde
959 3349 1198 3412 totum
1231 3341 1471 3414 subito
1507 3342 1978 3438 diffringitur.

838 3462 949 3525 13.
1021 3452 1407 3549 Diaphana
1457 3456 1917 3550 appellantur
1975 3480 2063 3528 ea
2113 3479 2446 3550 corpora,
2497 3454 2576 3528 in
2626 3478 2790 3549 quae

730 3592 898 3640 cum
932 3578 1163 3662 agunt
1210 3567 1396 3640 radii
1445 3569 1771 3665 corporis
1805 3569 2051 3659 lucidi,
2087 3569 2282 3642 actio
2336 3569 2788 3665 singulorum

729 3680 1098 3755 radiorum
1126 3679 1230 3752 ita
1259 3704 1390 3776 per
1424 3705 1511 3754 ea
1541 3693 2010 3778 propagatur,
2031 3694 2117 3755 ut
2149 3682 2465 3755 eundem
2498 3692 2791 3755 servent

730 3793 925 3865 inter
986 3814 1064 3863 se
1129 3791 1484 3881 ordinem,
1544 3795 1664 3866 vel
1730 3796 1885 3890 ejus
1951 3795 2343 3868 inversum.
2474 3794 2792 3891 Ideoque

726 3929 1023 3979 necesse
1083 3917 1217 3994 est,
1277 3917 1363 3978 ut
1424 3931 1737 4004 corpora
1799 3908 2122 4005 perfecte
2202 3908 2568 4004 diaphana
2646 3907 2794 3980 sint

731 4021 955 4093 etiam
993 4019 1318 4115 perfecte
1354 4021 1835 4117 homogenea.
1939 4022 2238 4111 Contra,
2295 4046 2607 4118 opacum
2657 4032 2796 4108 est,

734 4132 811 4206 in
849 4132 1050 4229 quod
1098 4133 1286 4205 radii
1335 4134 1766 4226 incidenteS,
1802 4147 2105 4232 propter
2138 4146 2480 4208 naturam
2514 4135 2797 4206 hetero-

734 4270 1063 4342 geneam,
1102 4246 1502 4320 innumeris
1545 4250 2058 4322 reflexionibus
2104 4248 2801 4341 resi-actionibusque

736 4359 814 4434 in
880 4359 1257 4454 particulis
1317 4361 1802 4440 diversimode
1857 4362 2186 4458 figuratis
2255 4359 2802 4457 inaequaliterve
