3182 5102
1235 1029 1334 1110 T.
1398 1028 1864 1111 HOBBES

927 1265 2174 1351 MALMESBURIENSIS

1292 1508 1803 1627 VITA,

1148 1784 1379 1821 scmPTA
1420 1786 1572 1823 ΑΝΝΟ
1621 1787 1922 1825 ἊΟΕΒΧΧῘΙ.

1411 1977 1659 1989 -

627 2175 866 2244 ΝΑτυε
895 2192 1030 2243 erat
1058 2192 1267 2243 noster
1295 2193 1572 2246 servator
1602 2177 2022 2244 Homo-Deus
2050 2200 2247 2244 annos

711 2313 896 2379 Mille
915 2328 980 2378 et
1007 2314 1400 2403 quingentos,
1432 2330 1571 2380 octo
1602 2338 1852 2405 quoque
1881 2315 2190 2380 undecies.

630 2450 856 2516 Stabat
881 2465 947 2515 et
977 2450 1274 2538 Hispanis
1302 2451 1370 2515 in
1397 2451 1703 2538 portubus
1731 2449 1965 2538 inclyta
1991 2449 2195 2516 classis

714 2586 995 2666 Hostilis,
1027 2601 1240 2652 nostro
1268 2609 1418 2652 mox
1444 2588 1725 2674 peritura
1753 2586 1948 2651 mari:

628 2723 848 2788 Primo
874 2745 1053 2802 vere3
1097 2723 1230 2788 dies
1258 2737 1324 2788 et
1354 2722 1611 2811 quintus
1640 2723 1841 2788 inibat
1872 2721 2143 2808 Aprilis:

711 2858 832 2923 Illo
858 2858 1232 2924 vermiculus
1262 2872 1542 2944 tempore
1571 2879 1790 2922 nascor
1816 2878 1956 2944 eg0,

623 2994 750 3075 ln†
781 2993 1264 3073 Malmesburia3
1296 2994 1607 3081 baptisma
1631 3017 1671 3058 a
1697 3008 1875 3081 patre
1905 2994 2189 3061 ministro

709 3130 962 3217 Accepi,
993 3144 1059 3195 et
1085 3151 1318 3195 nomen
1348 3129 1435 3193 mi
1463 3128 1639 3194 dedit
1663 3129 1769 3193 ille
1797 3151 1999 3195 suum.

616 3263 1012 3351 Oppidulum
1041 3288 1305 3352 parvum
1333 3278 1445 3343 est,
1468 3264 1691 3329 habuit
1720 3264 1828 3329 sed
1860 3264 2057 3329 multa
2083 3263 2284 3332 relatu

707 3399 941 3489 Digna,
970 3416 1162 3491 atque
1192 3401 1529 3489 imprimisjt
1557 3400 1916 3466 coenobium
1946 3399 2211 3477 celebre,

620 3536 712 3602 Et
743 3551 1032 3615 castrum,
1063 3535 1285 3601 melius
1312 3536 1431 3600 nisi
1458 3534 1585 3600 sint
1611 3533 1740 3600 duo
1767 3549 1969 3600 castra
1995 3534 2288 3613 vocanda,

707 3672 885 3738 Colle
912 3674 1048 3752 sita,
1078 3688 1145 3739 et
1169 3674 1321 3739 bino
1348 3672 1609 3738 flumine
1635 3673 1841 3738 cincta
1868 3671 2014 3737 fere.

618 3807 978 3874 Concilium
1007 3810 1187 3896 regni
1213 3809 1378 3874 binis
1407 3808 1825 3896 burgensibus
1852 3821 2080 3894 auget3

707 3943 896 4010 Nunc
924 3967 1177 4032 quoque
1203 3944 1442 4032 priscus
1469 3943 1672 4009 honor
1699 3958 2026 4031 permanet
2051 3943 2157 4008 ille
2179 3943 2318 4010 loci.

616 4080 752 4146 Hic
778 4083 882 4165 et§
911 4079 1268 4145 Athelstani
1297 4080 1659 4145 conduntur
1688 4080 1912 4145 nobilis
1941 4102 2103 4158 ossa,

707 4218 923 4305 Atque
951 4239 1138 4304 super
1167 4217 1480 4282 tumulum
1509 4239 1731 4282 saxeus
1760 4218 1891 4304 ipse
1909 4218 2097 4302 jacet.
2190 4201 2197 4212 ⁴

487 4411 528 4467 ἡ
565 4405 698 4454 Vide
721 4403 953 4452 camdeni
978 4404 1294 4454 Britanniam.
1364 4408 1391 4466 Χ
1424 4405 1547 4454 Vide
1571 4406 1637 4455 G.
1652 4404 1875 4468 Dugdale
1890 4403 2102 4453 Menan.
2127 4402 2265 4465 Anyl.
2286 4399 2376 4448 vol.
2400 4399 2435 4448 i.
2456 4415 2503 4463 p.
2526 4399 2607 4448 49.

566 4500 594 4557 ς
635 4494 761 4543 vide
782 4495 839 4543 de
862 4511 919 4544 eo
942 4494 1078 4544 Guil.
1101 4495 1601 4557 Malmesburiemem,
1636 4505 1685 4545 et
1707 4495 1882 4546 Matth.
1911 4489 2479 4543 Westmouasterieusem.
