3182 5102
909 885 1824 956 EXCELLENTISSIMO
1870 888 2125 967 VIRO,

1098 1104 1924 1221 GULIELMO,

721 1338 1345 1427 COMITI
1481 1341 2310 1440 DEVONIAE,

1005 1563 1174 1607 nom
1185 1564 1275 1607 No
1308 1564 1447 1608 MEO
1481 1565 1697 1608 comm
1709 1565 1874 1608 mss¹
1883 1566 1996 1608 ΜΟ.

1248 1806 1739 1816 -———-———-

405 2014 1065 2095 Euam-roam
1117 2022 1628 2119 philosophiae,
1685 2022 2018 2118 obsequii
2072 2020 2241 2110 mei,
2295 2033 2590 2116 tuaeque

402 2191 589 2264 erga
646 2193 766 2245 me
831 2172 1314 2269 benignitatis
1378 2173 1711 2247 futurum
1777 2183 2360 2261 monumentum,
2434 2195 2595 2244 sec-

402 2317 691 2393 tionem
741 2321 1080 2418 primam,
1136 2336 1306 2419 post
1363 2323 1641 2397 editam
1689 2323 2010 2413 tertiam,
2073 2322 2200 2395 diu
2255 2322 2585 2413 dilatam,

401 2467 712 2543 tandem
789 2472 950 2563 tibi,
1047 2474 1657 2548 excellentissime
1743 2473 2084 2564 Domine,
2171 2474 2584 2547 absolutam

398 2621 638 2695 offero
700 2622 1158 2722 dedicoque;
1220 2625 1548 2700 libellum
1608 2625 1801 2699 mole
1862 2626 2232 2722 exiguum,
2283 2625 2585 2723 plenum

396 2781 681 2862 tamen,
716 2784 795 2847 et
835 2774 1196 2871 siquidem
1229 2775 1510 2849 valeret
1542 2799 1680 2872 pro
1723 2798 1993 2871 magno
2035 2786 2347 2865 rectum,
2400 2776 2582 2849 satis

394 2945 777 3020 magnum.
910 2926 1246 3001 Eundem
1304 2927 1634 3000 invenies
1701 2927 1963 2999 lectori
2022 2937 2309 2999 attento
2370 2937 2446 2999 et
2503 2927 2581 2998 in

393 3072 1153 3151 demonstrationibus
1188 3077 1877 3150 mathematicorum
1919 3077 2104 3150 bene
2146 3076 2578 3165 exercitam,

391 3223 473 3297 id
505 3237 628 3298 est
673 3226 835 3315 tibi,
888 3227 1268 3301 intellectu
1299 3225 1595 3301 facilem
1629 3238 1707 3299 et
1738 3225 2251 3322 perspicuum;
2304 3248 2578 3298 novum

388 3375 624 3448 etiam
663 3375 820 3449 fere
874 3388 1143 3467 totum,
1197 3401 1336 3451 nec
1380 3389 1632 3450 tamen
1668 3376 1996 3449 novitate
2047 3397 2185 3446 sua
2232 3375 2576 3470 cuiquam

387 3527 750 3599 offensam
830 3527 1337 3625 praebiturum.
1469 3527 1638 3599 Scio
1715 3525 2200 3622 philosophiae
2281 3536 2568 3622 partem

384 3674 621 3765 illam,
671 3699 834 3771 quae
865 3688 1204 3750 versatur
1255 3677 1454 3750 circa
1493 3675 1726 3748 lineas
1761 3687 1838 3747 et
1868 3643 2170 3773 figuras,
2214 3675 2566 3749 traditam

381 3826 606 3900 nobis
661 3849 821 3900 esse
875 3826 1063 3900 bene
1118 3827 1390 3900 cultam
1442 3850 1488 3900 a
1529 3826 1927 3914 veteribuS‚
1979 3827 2337 3922 simulque
2370 3849 2564 3899 verae

380 3976 673 4074 logicae,
747 4001 882 4074 per
962 4002 1183 4073 quam
1261 3991 1415 4052 tam
1479 3978 1839 4074 praeclara
1901 3979 2358 4052 theoremata
2433 4003 2567 4051 sua

380 4127 720 4201 invenire
780 4140 858 4201 et
908 4127 1418 4202 demonstrare
1461 4141 1886 4224 potuerunt,
1942 4129 2314 4226 exemplar
2368 4129 2562 4225 opti-

378 4304 608 4354 mum.
717 4280 887 4354 Scio
937 4281 1157 4354 etiam
1209 4279 1654 4378 hypothesin
1691 4280 1936 4354 diurni
1988 4280 2270 4354 telluris
2321 4289 2563 4352 motus
