3182 5102
1224 497 1327 547 DE
1372 498 1626 549 Mo'ro.
2328 488 2463 552 201

408 663 472 735 K
506 664 579 735 in
607 664 980 758 parabola,
1010 666 1216 760 cujus
1247 665 1605 738 diameter
1633 675 1747 736 est
1776 667 1836 735 A
1872 665 1970 753 Η,
1997 664 2195 737 basis
2224 676 2472 737 autem
2517 677 2691 725 PARS
2725 677 2828 726 111·

405 777 469 849 G
493 777 565 848 H
636 777 934 873 aequalis
1002 778 1069 849 A
1093 778 1172 850 C.
1305 778 1552 851 Quare
1621 777 1893 850 mobile
1955 777 2363 873 procedens
2430 802 2476 850 a
2548 742 2795 847 κ-ῙῘί-κ

407 890 654 986 quiete
689 890 765 962 in
806 893 893 979 A,
928 903 1140 962 motu
1174 890 1643 964 uniformiter
1676 892 2110 976 accelerato,
2141 903 2473 987 tempore
2501 880 2875 994 tsgffifflggff·

408 1005 471 1075 A
500 1004 582 1092 C,
619 1003 1079 1099 longitudine
1124 1028 1473 1100 percursa
1526 1005 1588 1077 A
1624 1006 1696 1077 H
1734 1005 2067 1101 acquiret
2119 1005 2476 1100 impetum
2499 1011 2661 1070 ¹³imul,
2694 1020 2785 1059 eto·

410 1115 471 1188 G
495 1116 566 1187 H
625 1116 980 1211 aequalem
1030 1118 1346 1213 tempori
1399 1121 1457 1188 A
1494 1117 1575 1208 C,
1630 1118 1708 1191 id
1743 1130 1883 1206 est,
1934 1118 2289 1214 impetum
2326 1142 2476 1211 quo

411 1228 677 1301 mobile
735 1240 1118 1325 percurret
1177 1241 1509 1326 tempore
1564 1231 1630 1301 A
1657 1230 1716 1302 C
1772 1233 2007 1326 ipsam
2072 1230 2478 1326 longitudi-

406 1365 573 1413 nem
626 1343 688 1413 A
720 1341 800 1414 C.
906 1343 1100 1415 Data
1148 1366 1324 1438 ergo
1372 1342 1861 1439 longitudine,
1899 1355 2042 1417 etc.
2080 1343 2280 1439 quod
2314 1355 2476 1416 erat

403 1454 887 1549 propositum.

512 1577 623 1639 14.
679 1567 871 1640 Data
922 1567 1385 1665 longitudine
1442 1567 1616 1640 dato
1673 1580 2004 1665 tempore
2057 1582 2265 1641 motu
2312 1569 2476 1640 uni-

402 1680 620 1752 formi
673 1705 1044 1776 percursa,
1107 1680 1645 1777 longitudinem
1705 1681 2034 1754 invenire
2091 1705 2257 1776 quae
2309 1705 2476 1776 per-

404 1804 742 1866 curretur
782 1794 1040 1867 eodem
1091 1807 1446 1889 tempore,
1500 1806 1710 1866 motu
1761 1794 1866 1867 ita
1919 1794 2354 1883 acceleratO,
2390 1806 2478 1866 ut

401 1905 901 2002 longitudines
935 1930 1303 2003 percursae
1337 1905 1612 1999 ubique
1649 1906 1798 1978 sint
1831 1906 1906 1978 in
1956 1906 2245 1978 ratione
2287 1918 2478 1978 tem-

400 2043 665 2115 porum
701 2019 1097 2115 triplicata,
1134 2032 1362 2114 utque
1398 2019 1718 2115 impetus
1766 2019 2026 2092 ultimo
2068 2020 2475 2114 acquisitus

403 2133 705 2228 aequalis
741 2133 839 2206 sit
874 2134 1048 2207 dato
1083 2134 1422 2229 tempori.

502 2246 616 2319 Sit
647 2246 754 2340 (in
790 2248 916 2343 fig.
945 2248 1026 2340 9)
1068 2246 1244 2319 data
1276 2245 1664 2341 longitudo
1700 2247 1767 2318 A
1798 2246 1857 2318 B
1892 2270 2242 2342 percursa
2268 2260 2475 2321 motu

399 2358 749 2431 uniformi
816 2371 1148 2456 tempore
1217 2360 1278 2431 A
1319 2360 1400 2432 C.
1532 2359 1984 2432 Invenienda
2043 2373 2292 2435 autem
2359 2374 2476 2434 est

399 2471 786 2570 longitudo
851 2498 1019 2571 quae
1080 2474 1339 2547 eodem
1394 2484 1727 2570 tempore
1780 2486 2279 2569 percurratur,
2343 2474 2475 2547 sed

401 2597 608 2658 motu
685 2588 794 2661 ita
869 2587 1303 2677 accelerato,
1383 2599 1468 2659 ut
1534 2586 2037 2682 longitudines
2106 2611 2478 2683 percursae

399 2699 672 2795 ubique
710 2701 859 2773 sint
901 2701 978 2773 in
1027 2701 1316 2774 ratione
1367 2711 1809 2796 temporum,
1863 2700 1940 2772 in
1997 2700 2260 2797 quibus
2306 2726 2476 2798 per-

402 2825 823 2900 curruntur,
861 2814 1254 2910 triplicata,
1293 2826 1368 2886 et
1402 2813 1721 2908 impetus
1774 2813 2034 2886 ultimo
2070 2814 2474 2909 acquisitus

401 2927 499 2998 sit
532 2927 872 3022 tempori,
903 2927 1102 3023 quod
1138 2927 1390 3000 datum
1428 2939 1564 3015 est,
1602 2925 1925 3020 aequalis.

497 3040 973 3137 Compleatur
1054 3039 1820 3136 parallelogrammum
1898 3039 1966 3111 A
2013 3039 2069 3110 B
2111 3039 2179 3111 D
2227 3040 2307 3129 C,
2395 3052 2471 3112 et

401 3151 771 3226 dividatur
808 3154 868 3226 B
895 3154 963 3225 D
999 3154 1073 3225 in
1100 3155 1182 3242 E,
1221 3153 1327 3224 ita
1353 3163 1440 3224 ut
1476 3152 1536 3224 B
1565 3153 1626 3223 E
1664 3152 1761 3224 sit
1793 3175 1963 3247 pars
1993 3153 2215 3226 tertia
2240 3153 2475 3226 totius

403 3264 463 3336 B
490 3265 580 3353 D,
636 3277 713 3337 et
764 3266 958 3340 inter
1008 3266 1068 3338 B
1105 3267 1195 3353 D,
1268 3265 1328 3337 B
1358 3265 1418 3336 E
1468 3277 1801 3336 sumatur
1853 3265 2096 3338 media
2161 3290 2472 3362 propor-

400 3376 694 3450 tionalis
766 3377 826 3449 B
858 3379 954 3462 F;
1029 3377 1252 3450 ducta
1312 3388 1558 3449 autem
1630 3378 1697 3449 A
1734 3377 1790 3447 F
1855 3377 2310 3472 producatur
2376 3378 2472 3450 ad

400 3513 789 3563 occursum
827 3502 1052 3564 rectae
1109 3490 1168 3562 C
1203 3491 1269 3563 D
1318 3489 1395 3561 in
1430 3488 1545 3571 (ἒς
1602 3502 1677 3560 et
1727 3490 2182 3585 compleatur
2231 3491 2473 3586 paral-

399 3602 953 3699 lelogrammum
998 3606 1057 3675 Α
1101 3604 1160 3676 C
1195 3603 1258 3676 G
1295 3604 1393 3675 H.
1499 3602 1683 3675 Dico
1728 3604 1790 3674 A
1831 3603 1902 3674 H
1956 3627 2114 3676 esse
2149 3604 2474 3701 longitu-

400 3716 645 3788 dinem
683 3718 1088 3812 quaesitam.

498 3829 662 3901 Fiat
696 3829 892 3901 enim
925 3841 1011 3901 ut
1045 3829 1235 3901 ratio
1265 3828 1638 3924 triplicata
1671 3828 1765 3900 ad
1801 3829 2161 3901 rationem
2198 3831 2472 3927 simpli-

400 3965 582 4031 cem,
619 3942 727 4014 ita
760 3943 825 4013 A
857 3943 927 4014 H
966 3943 1062 4015 ad
1089 3942 1329 4031 aliam,
1366 3943 1433 4013 A
1463 3943 1521 4025 1,
1559 3942 1845 4038 eritque
1882 3943 1947 4013 A
1975 3944 2008 4015 I
2046 3945 2268 4017 tertia
2302 3968 2472 4040 pars

399 4055 627 4127 totius
698 4056 760 4128 A
802 4056 872 4127 H
907 4086 924 4138 ;
1003 4055 1315 4128 ducatur
1377 4057 1410 4128 I
1450 4057 1517 4128 K
1588 4056 1936 4151 parallela
2005 4070 2227 4130 rectae
2283 4059 2350 4129 A
2386 4058 2470 4146 C,

397 4191 654 4240 secans
691 4168 1149 4264 diagonalem
1188 4171 1249 4239 A
1283 4169 1351 4241 D
1387 4169 1461 4240 in
1500 4170 1593 4257 K,
1632 4183 1708 4241 et
1744 4183 2023 4241 rectam
2058 4171 2123 4241 A
2160 4171 2224 4243 G
2262 4171 2339 4243 in
2377 4173 2470 4256 L;

394 4280 526 4353 fiat
562 4280 829 4354 deinde
873 4295 958 4355 ut
1004 4282 1072 4353 A
1110 4282 1169 4354 B
1217 4282 1312 4354 ad
1347 4284 1412 4354 A
1450 4284 1509 4368 Ι,
1546 4283 1654 4355 ita
1689 4283 1752 4354 A
1792 4283 1824 4355 1
1862 4282 1957 4355 ad
1992 4282 2233 4372 aliam,
2275 4290 2332 4355 A
2374 4285 2467 4357 N.

396 4392 490 4465 Et
524 4419 569 4466 a
601 4406 881 4489 puncto
917 4394 987 4466 N
1025 4394 1339 4468 ducatur
1381 4396 1451 4467 N
1490 4397 1562 4470 Q
1608 4395 1957 4492 parallela
1992 4397 2052 4468 A
2094 4398 2175 4487 C,
2214 4422 2470 4470 secans
