3182 5102
1089 462 1195 513 DE
1232 462 1723 514 VOCABULIS.
2359 450 2446 513 13

377 639 680 712 densam
728 640 886 712 sine
920 652 1274 736 sequente
1316 642 1586 737 pluvia,
1630 639 1953 736 pluviam
1994 651 2242 712 autem
2291 638 2449 712 sine

371 754 860 826 antecedente
899 755 1094 826 nube
1139 778 1541 851 numquam
1575 754 1859 850 experti
1902 776 2178 825 sumus·
2284 752 2447 849 sig-

373 891 636 939 norum
658 878 906 938 autem
935 867 1079 939 alia
1101 868 1469 941 naturalia
1497 879 1672 940 sunt
1699 890 2013 964 quorum
2034 865 2449 961 exemplum

376 993 488 1053 est
509 979 712 1076 quod
737 980 956 1053 modo
978 980 1429 1064 dixeramus;
1486 981 1632 1054 alia
1657 980 2071 1069 arbitraria,
2103 979 2451 1051 nimirum

377 1118 541 1188 quae
567 1105 826 1165 nostra
852 1093 1230 1166 voluntate
1257 1094 1703 1166 adhibentur
1727 1124 1747 1176 ς
1785 1092 2030 1188 qualia
2063 1104 2260 1179 sunt,
2292 1115 2451 1164 sus-

374 1230 603 1302 pensa
669 1206 966 1295 hedera,
1034 1206 1130 1279 ad
1199 1205 1764 1303 significandum
1822 1205 2074 1278 vinum
2140 1204 2399 1276 venale
2429 1235 2448 1288 ;

375 1319 583 1414 lapiS,
638 1319 734 1392 ad
782 1319 1345 1415 significandum
1399 1320 1558 1416 agri
1608 1318 2048 1401 terminum;
2103 1328 2179 1388 et
2231 1339 2451 1390 voces

375 1432 714 1505 humanae
781 1444 985 1505 certo
1047 1432 1267 1505 modo
1338 1456 1714 1521 connexae,
1775 1431 1871 1504 ad
1933 1429 2450 1527 significandas

378 1545 602 1619 animi
653 1545 1141 1642 cogitationes
1179 1557 1256 1618 et
1302 1557 1569 1619 motus.
1676 1545 1896 1618 Notae
1931 1567 2106 1641 ergo
2144 1555 2220 1615 et
2256 1543 2448 1639 signi

373 1659 792 1732 differentia
825 1671 961 1747 est,
999 1660 1199 1755 quod
1232 1659 1359 1733 illa
1389 1658 1653 1748 nostri,
1688 1659 1831 1731 hoc
1865 1657 2177 1731 aliorum
2209 1657 2453 1753 gratia

377 1773 803 1845 institutum
839 1772 959 1845 sit.

2549 667 2724 717 PARS
2750 667 2795 717 1.

479 1896 549 1959 3.
611 1886 851 1959 Voces
903 1887 1269 1971 humanae,
1320 1885 1450 1975 sic,
1505 1896 1593 1958 ut
1648 1883 2183 1980 cogitationum
2240 1882 2453 1980 signa
2478 1904 2751 1970 Utrumque

2476 1971 2646 2019 horum

378 1999 550 2087 sint,
588 2022 964 2088 connexae,
999 1998 1294 2087 Oratio,
1322 2010 1573 2095 partes
1600 2022 1777 2071 vero
1807 1996 2116 2093 singulae
2149 1996 2451 2069 nomina
2474 2045 2704 2098 praemnt

376 2112 862 2208 appellantur,
968 2112 1152 2184 Cum
1198 2123 1448 2185 autem
1488 2110 1973 2207 philosophiae
2013 2121 2100 2182 ut
2134 2109 2448 2182 diximus
2473 2101 2701 2152 ΝΟΜΜ·

378 2237 458 2298 et
507 2234 700 2297 ποίεε
763 2234 839 2296 et
901 2225 1127 2322 signa
1188 2225 1413 2318 (notae
1473 2237 1557 2297 ut
1615 2222 2011 2311 recordari,
2076 2224 2306 2320 signa
2366 2234 2451 2296 ut

379 2340 883 2413 demonstrare
919 2338 1405 2435 cogitationes
1433 2350 1727 2413 nostras
1756 2337 2156 2430 valeamus)
2198 2360 2451 2409 neces-

379 2453 571 2525 saria
604 2452 803 2535 sint;
856 2451 1156 2525 nomina
1203 2465 1594 2548 utramque
1631 2474 1786 2522 rem
1819 2461 2198 2544 praestant.
2306 2449 2453 2522 Sed

381 2575 720 2638 notarum
765 2566 969 2662 prius
1018 2589 1239 2662 quam
1288 2566 1674 2663 signorum
1723 2565 1963 2638 officio
2011 2563 2447 2660 funguntur.

379 2678 571 2752 Nam
600 2678 904 2767 homini,
933 2678 1072 2751 etsi
1097 2678 1361 2750 unicus
1387 2677 1467 2750 in
1494 2676 1770 2749 mundo
1815 2677 2187 2765 existeret,
2218 2676 2451 2749 inser-

379 2792 622 2864 virent
648 2792 946 2887 quidem
966 2792 1062 2864 ad
1088 2791 1540 2879 memoriam,
1565 2813 1732 2862 cum
1755 2801 2003 2862 tamen
2031 2788 2128 2861 ad
2149 2789 2451 2862 demon-

381 2905 836 2994 strationem,
883 2905 1023 2978 nisi
1067 2904 1252 2977 alius
1289 2904 1386 2977 sit
1422 2903 1541 2976 cui
1578 2902 2057 2991 demonstret,
2093 2902 2449 2975 inservire

380 3043 528 3092 non
575 3030 905 3116 possent.
1037 3019 1426 3106 Praeterea,
1487 3016 1789 3089 nomina
1846 3040 1978 3112 per
2034 3040 2111 3088 se
2163 3016 2453 3112 singula

381 3142 575 3204 notae
645 3144 842 3222 sunt,
917 3156 1091 3205 nam
1165 3131 1494 3227 cogitata
1551 3142 1906 3203 revocant
1986 3130 2208 3202 etiam
2270 3130 2448 3220 sola,

379 3245 592 3341 signa
622 3269 800 3318 vero
834 3269 983 3318 non
1022 3256 1217 3333 sunt,
1254 3244 1396 3316 nisi
1432 3255 1794 3340 quatenus
1829 3242 1906 3315 in
1933 3243 2268 3316 oratione
2305 3243 2451 3316 dis-

381 3369 759 3453 ponuntur
799 3370 876 3431 et
923 3370 1172 3455 partes
1220 3358 1376 3453 ejus
1419 3369 1615 3428 sunt.
1718 3356 1944 3429 Verbi
1990 3357 2255 3454 gratia,
2306 3381 2453 3430 vox

381 3471 589 3544 homo
635 3473 913 3545 excitat
962 3472 1260 3568 quidem
1307 3471 1386 3543 in
1432 3469 1777 3542 audiente
1819 3470 2059 3543 ideam
2106 3470 2449 3561 hominis,

383 3609 532 3658 non
566 3598 815 3659 tamen
863 3585 1037 3680 (nisi
1092 3585 1255 3681 quis
1304 3584 1553 3667 addat,
1600 3595 1713 3656 est
1746 3584 2038 3673 animal,
2088 3584 2205 3656 vel
2251 3584 2451 3657 aliud

379 3698 659 3796 aliquid
692 3699 1167 3795 aequivalens)
1203 3698 1571 3794 significat
1598 3697 1918 3794 aliquam
1951 3698 2190 3771 ideam
2224 3699 2450 3772 fuisse

381 3811 456 3885 in
478 3813 725 3886 animo
752 3813 1147 3908 loquentiS,
1178 3812 1307 3885 sed
1333 3811 1651 3884 voluisse
1680 3834 1846 3882 eum
1874 3811 2153 3908 aliquid
2179 3812 2447 3903 dicere,

382 3926 582 4022 quod
626 3926 874 4023 potuit
931 3926 1228 4023 quidem
1261 3925 1585 4019 incipere
1622 3948 1668 3996 a
1699 3948 1882 3997 voce
1918 3925 2147 4014 homo,
2203 3927 2452 4022 potuit

382 4063 555 4113 vero
613 4039 835 4112 etiam
895 4063 941 4112 a
986 4063 1164 4112 voce
1208 4039 1750 4135 homogeneum.
1856 4038 2147 4111 Natura
2198 4040 2450 4136 itaque

381 4152 696 4226 nominis
759 4153 1101 4226 consistit
1159 4152 1508 4249 primario
1570 4150 1648 4223 in
1704 4174 1791 4223 eo
1849 4152 2048 4247 quod
2103 4152 2199 4224 sit
2245 4163 2449 4243 nota,

382 4265 715 4339 adhibita
747 4265 1120 4340 memoriae
1156 4289 1418 4348 causa3
1472 4263 1744 4337 accidit
1779 4275 2026 4337 autem
2059 4276 2146 4337 ut
2180 4267 2451 4339 serviat

383 4403 676 4476 quoque
722 4379 1246 4475 significandiS,
1298 4376 2034 4473 demonstrandisque
2087 4378 2178 4450 iis
2232 4381 2451 4453 rebus
