3182 5102
1100 471 1208 522 DE
1248 471 1803 530 QUANTITATE.
2355 460 2487 525 125

418 636 767 708 sistente:
839 637 1162 710 secundo
1214 662 1348 733 per
1397 639 1966 736 appositionem,
2046 649 2132 710 ut
2197 639 2490 732 quando
2558 646 2728 695 PARS
2765 642 2836 696 11.

418 749 614 821 linea
644 749 880 838 lineae,
918 749 995 821 id
1029 763 1164 838 est,
1216 750 1604 846 longitudo
1653 749 2124 846 longitudini,
2176 751 2490 823 latitudo
2548 714 2830 817 ss

419 862 817 952 latitudini,
855 864 1223 936 crassities
1261 864 1619 936 crassitiei
1656 864 2106 960 adjungitur,
2142 864 2342 959 quod
2379 877 2495 937 est

420 976 688 1048 lineam
721 999 854 1071 per
885 990 1186 1071 puncta,
1225 976 1689 1072 superficiem
1720 1000 1853 1071 per
1886 976 2141 1066 lineaS,
2179 976 2495 1050 solidum

420 1113 554 1185 per
588 1089 1013 1184 superficies
1050 1088 1510 1169 describere;
1564 1087 1708 1159 nisi
1759 1086 1960 1182 quod
2009 1113 2144 1183 per
2191 1103 2495 1185 puncta,

423 1203 565 1275 hoc
599 1201 762 1274 loco
798 1201 1010 1274 lineae
1044 1202 1257 1273 valde
1290 1202 1573 1289 breves,
1612 1225 1745 1296 per
1781 1202 2225 1296 superficieS,
2262 1199 2497 1274 solida

423 1316 678 1388 tenuia
749 1315 1228 1412 intelligenda
1308 1315 1504 1386 sint:
1571 1314 1793 1387 tertio
1863 1315 2133 1410 exponi
2188 1327 2499 1410 possunt

424 1427 636 1502 lineae
664 1441 739 1501 et
767 1429 1189 1523 superficies
1226 1451 1358 1523 per
1388 1427 1778 1515 sectioneS,
1808 1427 2154 1499 nimirum
2180 1427 2497 1500 secando

426 1542 886 1638 superficiem
916 1542 1325 1637 expositam
1358 1542 1446 1614 fit
1479 1540 1697 1629 linea,
1727 1552 1803 1613 et
1838 1540 2154 1613 secando
2185 1540 2494 1613 solidum

425 1657 514 1727 fit
547 1654 995 1750 superficies.

527 1779 598 1841 4.
651 1768 1062 1863 Exponitur
1115 1782 1429 1863 tempus,
1467 1768 1763 1862 quando
1808 1791 1960 1840 non
2013 1765 2250 1838 solum
2284 1789 2501 1862 expo·
2528 1777 2785 1854 Quompdo

429 1883 631 1954 nitur
662 1881 859 1954 linea
895 1882 1269 1977 quaelibet,
1307 1881 1437 1953 sed
1473 1881 1698 1953 etiam
1745 1879 2013 1952 mobile
2050 1878 2250 1973 quod
2285 1903 2503 1975 super
2527 1852 2780 1971 gffiffim

431 2021 593 2068 eam
626 2008 1013 2068 moveatur
1044 1994 1534 2081 uniformiter,
1577 1994 1694 2066 vel
1745 1994 1852 2065 ita
1903 1992 2182 2064 moveri
2234 2015 2503 2089 suppo-

432 2122 683 2192 natur;
720 2132 893 2181 nam
924 2132 1093 2180 cum
1123 2121 1413 2204 tempus
1443 2108 1540 2179 sit
1568 2108 1811 2203 imago
1840 2118 2109 2193 motuS,
2139 2117 2503 2199 quatenus

433 2223 508 2294 in
570 2245 657 2295 eo
722 2221 1233 2295 consideratur
1295 2221 1499 2318 prius
1556 2234 1634 2293 et
1692 2219 2087 2317 posteriuS,
2154 2218 2298 2291 hoc
2366 2230 2503 2307 est,

433 2335 824 2422 successiO,
870 2358 1020 2407 non
1075 2334 1345 2406 sufficit
1395 2334 1492 2406 ad
1539 2333 2073 2429 expositionem
2126 2332 2503 2427 temporiS‚

433 2461 519 2519 ut
562 2447 758 2519 linea
814 2446 1297 2535 describatur,
1349 2446 1481 2519 sed
1541 2446 1764 2519 etiam
1818 2457 1904 2517 ut
1964 2445 2063 2516 sit
2120 2444 2196 2516 in
2258 2444 2504 2517 animo

436 2562 861 2657 imaginatio
897 2562 1204 2657 alicujus
1239 2561 1531 2634 mobilis
1564 2584 1700 2656 per
1732 2559 1932 2633 illam
1966 2558 2235 2631 lineam
2265 2571 2505 2632 trans-

438 2675 703 2763 euntiS,
762 2675 986 2768 idque
1053 2687 1261 2747 motu
1317 2673 1692 2761 uniformi,
1775 2685 1859 2745 ut
1929 2685 2217 2767 tempus
2272 2672 2507 2769 possit

438 2787 664 2860 dividi
700 2798 777 2859 et
818 2786 1161 2883 componi
1214 2787 1504 2880 quoties
1557 2809 1742 2881 opus
1785 2799 1918 2857 est.
2027 2786 2287 2878 Itaque
2338 2810 2503 2858 cum

437 2899 856 2996 philosophi
910 2901 987 2972 in
1044 2898 1794 2972 demonstrationibus
1854 2897 2004 2970 suis
2065 2897 2334 2970 lineam
2380 2897 2508 2971 de-

440 3013 759 3104 signant,
847 3012 1251 3107 dicuntque
1319 3022 1476 3083 esto
1547 3009 1686 3081 illa
1758 3009 1961 3082 linea
2028 3020 2335 3107 tempus,
2404 3010 2511 3083 ita

439 3124 897 3221 intelligendi
948 3137 1123 3197 sunt
1176 3148 1262 3196 ac
1319 3124 1380 3196 si
1436 3124 1770 3196 dicerent
1832 3123 2217 3220 conceptio
2276 3133 2509 3194 motus

439 3238 832 3336 uniformis
870 3260 1026 3335 per
1080 3236 1288 3308 illam
1341 3236 1636 3323 lineam,
1694 3245 1853 3306 esto
1906 3245 2215 3333 tempus.
2317 3236 2511 3308 Nam

440 3351 993 3446 horologiorum
1087 3348 1698 3421 circumferentiae
1793 3347 1992 3435 solae,
2068 3371 2511 3442 quamquam

444 3465 656 3537 lineae
691 3463 861 3550 sint,
901 3473 1148 3534 tamen
1183 3461 1279 3533 ad
1324 3460 1653 3533 notanda
1697 3471 2055 3555 tempora,
2092 3460 2234 3533 nisi
2265 3473 2511 3534 motus

447 3577 669 3649 etiam
719 3575 996 3647 umbrae
1044 3573 1158 3646 vel
1203 3573 1465 3646 indicis
1511 3571 1630 3645 vel
1686 3573 1806 3661 sit,
1862 3572 1978 3644 vel
2032 3586 2510 3669 supponatur,

446 3690 715 3786 ineptae
749 3699 947 3760 sunt.

548 3813 616 3875 5.
669 3799 1084 3896 Exponitur
1138 3821 1484 3871 numerus
1538 3821 1672 3893 per
1719 3796 2251 3892 expositionem
2283 3823 2512 3894 punc·
2539 3812 2795 3891 Quom-odo

445 3929 715 4000 torum,
737 3913 852 3985 vel
887 3912 1110 3986 etiam
1144 3912 1522 3984 nominum
1543 3910 2051 3999 numeralium,
2083 3936 2317 4000 unum,
2347 3912 2513 4003 duo,
2537 3890 2793 3994 ζὶῗζῗῐζῗ

447 4029 630 4118 tria,
666 4025 801 4119 ᾇτ’.
840 4038 917 4099 et
946 4037 1227 4122 puncta
1259 4026 1385 4098 illa
1417 4025 1713 4121 quidem
1747 4049 1896 4097 non
1933 4024 2206 4099 debent
2238 4026 2344 4098 ita
2377 4026 2517 4099 sibi

447 4141 758 4215 invicem
792 4164 951 4213 esse
973 4139 1346 4235 contigua,
1375 4151 1461 4212 ut
1481 4138 1701 4210 nullis
1726 4138 1922 4211 notis
1945 4138 2516 4234 distinguantur,

450 4255 579 4327 sed
613 4255 721 4328 ita
753 4254 997 4351 posita
1030 4265 1115 4326 ut
1151 4252 1481 4326 discerni
1514 4252 1825 4348 possint.
1928 4252 2110 4325 Inde
2166 4253 2361 4325 enim
2407 4267 2519 4327 est

451 4368 649 4463 quod
715 4391 1062 4440 numerus
1118 4378 1422 4440 vocetur
1482 4365 1855 4460 quantitas
1923 4366 2283 4457 discreta,
2354 4392 2518 4440 cum
