3182 5102
452 599 626 650 PARS
650 601 738 653 lv,

561 669 640 715 30.

474 735 719 771 *qr-a

399 802 661 854 Descemio
633 822 738 854 oms

394 869 616 929 gravium
637 886 797 921 causa.

827 418 972 485 416
1675 428 2054 484 PHYSICA.

826 594 1203 692 quodlibet
1268 605 1486 670 terrae
1535 596 1858 669 insidens
1900 620 1946 668 a
1993 608 2193 669 terra
2238 596 2399 692 ipsa
2451 595 2530 669 in
2580 596 2887 669 sublime

826 708 1067 781 efferri
1092 721 1424 804 possunt.

923 832 993 894 4.
1049 822 1213 894 Sit
1185 846 1340 917 Jam
1370 822 1474 913 (in
1494 823 1627 951 ᾖς.
1664 822 1743 915 2)
1784 834 2041 896 centro
2082 823 2141 895 C
2179 823 2539 896 circulus
2518 847 2593 895 m
2631 846 2884 919 super-

822 935 987 1008 ficie
1046 946 1264 1009 terrae
1322 936 1680 1009 maximus
1749 936 2112 1010 transiens
2171 961 2303 1033 per
2366 937 2435 1009 A
2493 948 2570 1009 et
2630 937 2731 1017 B;
2786 937 2885 1007 sit

819 1060 1065 1121 autem
1125 1060 1201 1122 et
1265 1073 1488 1145 grave
1557 1048 1960 1146 quodlibet,
2018 1061 2202 1146 puta
2255 1074 2505 1123 saxum
2571 1053 2633 1120 A
2657 1049 2746 1136 D,
2798 1050 2880 1119 in

815 1162 1035 1258 plano
1066 1162 1457 1257 aequatoris
1483 1162 1944 1258 ubicunque;
1998 1163 2594 1258 concipiaturque
2624 1184 2880 1233 saxum

815 1276 906 1349 ab
950 1275 1017 1347 A
1038 1275 1104 1347 D
1147 1275 1491 1348 emissum
1537 1274 2256 1371 perpendiculariter,
2307 1276 2424 1348 vel
2474 1272 2878 1372 quomodo-

814 1412 1102 1483 cunque
1136 1400 1470 1461 evectum
1502 1412 1732 1483 usque
1767 1389 1864 1461 ad
1889 1389 1974 1476 E,
2000 1388 2102 1461 ibi
2130 1389 2522 1484 quiescere.
2624 1387 2877 1462 Quan-

815 1512 973 1573 tum
1019 1523 1194 1596 ergo
1244 1501 1462 1597 spatii
1516 1525 1771 1574 saxum
1812 1513 2296 1597 occupaverat
2345 1501 2420 1574 in
2478 1502 2542 1572 A
2566 1499 2657 1588 D,
2710 1510 2876 1571 tan-

814 1614 1117 1687 tundem
1153 1625 1464 1711 occupat
1507 1638 1706 1687 nunc
1740 1615 1816 1687 in
1850 1613 1934 1687 E.
2043 1615 2234 1687 Cum
2284 1638 2461 1711 ergo
2509 1638 2658 1687 non
2698 1636 2874 1685 con-

815 1728 1121 1800 cedatur
1170 1727 1376 1800 locus
1427 1751 1722 1816 vacuuS,
1784 1727 2186 1824 replebitur
2244 1727 2560 1824 spatium
2613 1726 2681 1798 A
2702 1725 2767 1798 D
2822 1749 2876 1797 a

816 1841 1232 1915 confluente
1266 1863 1457 1929 aere,
1492 1838 1690 1913 facto
1726 1840 1934 1912 initio
1970 1864 2016 1912 a
2048 1840 2231 1914 locis
2257 1851 2474 1913 terrae
2498 1839 2870 1936 proximiS,

817 1964 894 2026 et
959 1953 1223 2027 deinde
1283 1978 1329 2026 a
1386 1953 1900 2026 remotioribus
1958 1952 2384 2026 successive.
2489 1952 2758 2025 Centro
2805 1951 2873 2024 C

815 2066 1264 2163 intelligatur
1303 2066 1565 2139 ductus
1602 2065 1918 2139 circulus
1950 2089 2083 2161 per
2115 2066 2202 2147 E,
2243 2076 2319 2139 et
2358 2066 2673 2161 spatium
2716 2067 2874 2163 pla-

813 2203 988 2251 num
1040 2179 1235 2252 inter
1270 2179 1727 2275 superficiem
1778 2189 1996 2250 terrae
2054 2189 2132 2251 et
2183 2178 2868 2267 circumferentiam,

818 2317 982 2388 quae
1033 2293 1295 2365 transit
1343 2316 1474 2389 per
1513 2292 1599 2380 E,
1653 2291 1964 2364 divisum
2018 2315 2172 2364 esse
2223 2292 2299 2364 in
2351 2292 2563 2364 orbes
2616 2292 2870 2387 planos

819 2405 1131 2501 aequales
1189 2416 1264 2477 et
1318 2403 1866 2486 concentricos;
1937 2428 2244 2499 quorum
2295 2405 2569 2501 primus
2628 2405 2721 2477 sit
2777 2405 2866 2492 is,

817 2520 942 2615 qui
976 2520 1395 2593 continetur
1428 2543 1473 2591 a
1506 2516 1786 2591 duabus
1817 2517 2228 2613 perimetris
2260 2541 2393 2614 per
2426 2518 2487 2590 A
2513 2529 2600 2616 „et
2633 2517 2720 2591 D.

913 2634 1107 2705 Dum
1175 2656 1350 2728 ergo
1409 2655 1557 2720 aer,
1613 2631 1740 2727 qui
1794 2643 1902 2703 est
1960 2630 2034 2702 in
2095 2631 2272 2703 orbe
2323 2632 2584 2727 primo,
2641 2631 2872 2726 replet

810 2747 1052 2818 locum
1084 2746 1152 2818 A
1172 2745 1264 2835 D,
1299 2746 1387 2817 fit
1419 2745 1575 2840 ipse
1628 2743 1824 2817 orbis
1875 2754 2082 2815 tanto
2133 2742 2395 2831 minor,
2442 2756 2519 2816 et
2562 2743 2869 2839 proinde

807 2857 1120 2931 latitudo
1177 2859 1332 2953 ejus
1386 2857 1627 2929 minor
1680 2880 1896 2951 quam
1938 2866 2136 2927 recta
2184 2855 2372 2939 AD;
2427 2880 2647 2952 quare
2707 2868 2871 2928 tan-

805 2971 1110 3044 tundem
1135 2969 1321 3043 aeris
1349 2970 1759 3042 necessario
1789 2969 2180 3042 descendet
2213 2970 2305 3042 ab
2342 2971 2516 3043 orbe
2543 2969 2868 3065 proxime

804 3084 1198 3179 superiore.
1305 3082 1655 3155 Similiter
1698 3093 1999 3178 propter
2049 3082 2353 3154 eandem
2406 3106 2693 3154 causam
2737 3083 2868 3153 fiet

802 3219 1054 3269 rursus
1122 3194 1507 3268 descensus
1573 3194 1763 3266 aeris
1830 3193 1921 3265 ab
1991 3195 2165 3266 orbe
2232 3195 2558 3291 proxime
2628 3194 2867 3266 adhuc

804 3309 1200 3405 superiore,
1253 3319 1470 3402 atque
1522 3307 1626 3380 ita
1677 3306 1970 3378 demum
2020 3307 2112 3379 ab
2173 3331 2261 3380 eo
2323 3307 2482 3404 ipso
2541 3309 2739 3394 orbe,
2786 3307 2864 3378 in

804 3446 949 3517 quo
1002 3421 1313 3518 quiescit
1356 3445 1612 3493 saxum
1663 3420 1758 3492 ad
1793 3421 1902 3504 E;
1956 3420 2072 3493 vel
2113 3408 2288 3517 ergo
2335 3422 2570 3517 ipsum
2612 3445 2866 3493 saxum

804 3534 1221 3623 descendet,
1269 3534 1385 3606 vel
1428 3533 1863 3606 tantundem
1924 3534 2153 3606 aeris:
2214 3557 2521 3629 cumque
2581 3534 2865 3607 facilius

803 3672 849 3720 a
891 3646 1342 3719 revolutione
1376 3646 1659 3719 telluris
1711 3645 1973 3720 diurna
2006 3646 2412 3720 excutiatur
2458 3669 2605 3736 aer,
2643 3671 2865 3743 quam

803 3784 1080 3848 saxum,
1116 3782 1264 3848 aer,
1302 3759 1427 3853 qui
1479 3770 1590 3831 est
1633 3759 1708 3832 in
1764 3760 1941 3832 orbe
1992 3760 2225 3855 ipsum
2260 3783 2513 3832 saxum
2548 3761 2864 3856 amplec-

803 3884 1031 3960 tente,
1067 3872 1282 3944 altius
1323 3873 1735 3945 excutietur
1776 3897 1994 3970 quam
2038 3873 2272 3968 ipsum
2312 3896 2589 3946 saxum.
2695 3874 2864 3946 Hoc

805 3997 1049 4058 autem
1107 3984 1268 4057 fieri
1326 4008 1476 4057 non
1528 3997 1776 4081 potest
1833 3987 1985 4058 sine
2039 3985 2352 4059 admisso
2407 4011 2661 4077 vacuo,
2721 3986 2859 4059 nisi

802 4097 1237 4170 tantundem
1278 4098 1465 4170 aeris
1508 4097 1903 4172 descendat
1949 4099 2043 4172 ad
2087 4099 2172 4186 E,
2224 4123 2269 4170 a
2318 4100 2483 4174 loco
2533 4100 2857 4197 proxime

806 4209 1092 4293 altiore3
1147 4235 1292 4306 quo
1312 4211 1511 4284 facto
1538 4235 1791 4285 saxum
1816 4212 2152 4286 deorsum
2183 4213 2544 4288 trudetur.
2615 4213 2854 4286 Habet

808 4345 981 4417 ergo
1041 4325 1195 4418 jam
1249 4348 1500 4397 saxum
1566 4324 1958 4398 descensus
2018 4325 2129 4398 sui
2196 4325 2511 4416 initium,
2579 4325 2654 4398 id
2718 4335 2853 4413 est,
