3182 5102
626 506 750 571 xcii
1389 529 1540 571 vrrA
1570 527 1731 571 THO.
1768 528 2048 573 nonnas.

799 693 942 779 Ipse
971 693 1170 759 haeres
1199 693 1379 780 regni
1412 693 1703 771 Carolus,
1735 695 2075 760 comitante
2102 711 2353 762 caterva

886 830 1092 894 Armis
1120 829 1432 895 clarorum
1462 846 1527 895 et
1557 831 1885 898 nobilitate
1914 833 2139 912 virum,

795 966 1117 1032 Lutetiam
1148 968 1337 1045 venit,
1369 984 1704 1055 expectans
1734 970 1887 1035 dum
1918 985 2201 1057 tempora
2229 972 2447 1060 iniqua

878 1103 1272 1182 Transirent,
1305 1105 1520 1192 populi
1550 1105 1986 1194 desineretque
2015 1106 2210 1173 furor.

795 1239 983 1304 Tunc
1011 1263 1129 1327 ego
1158 1240 1481 1307 decreram
1510 1247 1613 1308 De
1647 1245 1923 1328 Corpore
1949 1244 2221 1309 scribere
2249 1243 2503 1322 librum,

878 1377 1077 1463 Cujus
1106 1378 1397 1441 materies
1428 1391 1559 1442 tota
1586 1392 1805 1464 parata
1833 1377 1970 1442 fuit.

797 1511 924 1576 Sed
953 1535 1142 1600 cogor
1171 1512 1457 1589 differre3
1494 1519 1645 1598 pati
1675 1524 1765 1578 tot
1794 1524 2101 1601 tantaque
2111 1517 2309 1600 faeda

875 1654 1125 1734 Appom'
1136 1653 1336 1734 jussis
1363 1655 1655 1728 crimina,
1681 1654 1844 1725 nolo,
1878 1652 2026 1715 Dei.

790 1782 1054 1846 Divinas
1080 1795 1287 1850 statuo
1317 1805 1505 1868 quam
1536 1783 1812 1868 primum
1840 1782 2160 1848 absolvere
2188 1782 2390 1871 leges}

877 1917 1080 2005 quue
1107 1941 1227 2006 ago
1257 1919 1582 2006 paulatim,
1615 1918 2038 2007 sollicitusque
2066 1919 2199 1984 diu.

793 2055 1089 2143 Namque
1116 2057 1576 2122 mathematicas
1608 2056 1828 2121 studiis
1858 2056 2013 2121 dum
2043 2057 2323 2144 Principi
2352 2056 2653 2136 adessem,

876 2192 1024 2259 Non
1053 2195 1230 2280 potui
1258 2192 1478 2258 studiis
1503 2215 1752 2279 semper
1780 2193 1993 2258 adesse
2021 2194 2193 2259 meis.

789 2331 956 2396 Dein
989 2354 1101 2417 per
1129 2353 1236 2395 sex
1270 2352 1515 2395 menses
1544 2331 1767 2395 morbo
1790 2329 2118 2408 decumb0‚
2151 2333 2525 2419 propinquae

873 2466 1212 2531 Accinctus
1241 2465 1426 2530 morti
1449 2489 1467 2542 3
1513 2487 1631 2531 nec
1660 2464 1852 2553 fugio,
1884 2465 1992 2530 illa
2021 2466 2202 2555 fugit.

792 2603 1032 2669 Perfeci
1063 2603 1295 2667 librum
1326 2602 1527 2688 patrio
1556 2623 1881 2680 sermone3
1930 2619 2001 2667 ut
2026 2605 2108 2669 ab
2140 2603 2367 2691 Anglis

876 2741 1093 2806 Posset
1121 2763 1287 2827 soepe
1317 2740 1489 2816 meis,
1522 2738 1885 2827 utiliterque
1915 2740 2041 2827 legi
2068 2764 2085 2804 ε

788 2873 1207 2964 Londinoque
1237 2877 1399 2963 typis
1429 2875 1595 2941 celer
1622 2875 1826 2940 evolat
1855 2876 1920 2940 in
1953 2877 2236 2964 regiones

873 3014 1148 3090 vicinas,
1182 3029 1366 3078 notus
1395 3013 1652 3078 nomine
1682 3017 2062 3080 Leviatltan.

789 3152 1030 3218 Militat
1057 3151 1163 3216 ille
1191 3151 1352 3217 liber
1382 3174 1550 3217 nunc
1580 3151 1835 3238 regibus
1864 3149 2175 3226 omnibus,
2208 3164 2272 3213 et
2304 3150 2412 3236 qui

876 3289 1147 3353 Nomine
1177 3289 1295 3353 sub
1324 3289 1543 3375 quovis
1573 3287 1747 3375 regia
1766 3288 1915 3372 jura
1944 3300 2183 3350 tenent.

787 3424 1039 3489 Interea
1066 3447 1279 3511 regem
1309 3423 1524 3488 vendit
1557 3423 1800 3499 Scotus‚
1832 3436 1897 3485 et
1926 3437 2109 3485 necat
2139 3419 2384 3506 Anglus
2399 3445 2418 3497 3

868 3560 908 3625 J
914 3584 983 3624 us
1013 3560 1191 3647 regni
1224 3559 1485 3624 Carolus
1507 3560 1767 3645 jamque
1800 3556 2129 3622 Secundus
2157 3556 2365 3634 habet,

783 3695 1059 3761 Lutetiae
1089 3695 1387 3762 residens,
1471 3693 1626 3760 Vim
1657 3693 1835 3778 regni
1867 3692 2052 3757 turba
2082 3691 2330 3757 rebellis

871 3833 1174 3920 Occupat,
1206 3847 1271 3897 et
1301 3831 1601 3919 populum
1623 3830 1756 3914 jam
1787 3830 1922 3894 sine
1950 3829 2088 3917 lege
2118 3829 2298 3916 regit,

785 3971 872 4034 Et
902 3992 1130 4034 nomen
1168 3969 1476 4057 (quamvis
1505 3968 1716 4054 pauci)
1751 3967 1868 4032 sibi
1904 3966 2310 4031 Parliamenti

874 4108 1159 4181 Sumens,
1197 4129 1262 4171 se
1290 4106 1473 4170 satiat
1501 4108 1808 4192 sanguine
1837 4103 2183 4180 nobilium3

783 4243 1108 4330 Dejiciunt
1135 4243 1370 4321 mitras,
1404 4266 1518 4307 nec
1549 4242 1806 4306 firmant
1840 4240 2395 4327 Presbyteratum3

869 4379 1113 4446 Clerica
1144 4379 1230 4442 nil
1263 4379 1386 4443 illic
1415 4378 1652 4465 profuit
1681 4378 1959 4445 ambitio.
