3182 5102
760 476 867 529 nn
908 477 1336 529 umvnnso
1377 477 1477 529 Εἰ·
1516 477 2013 530 sYnnanS.
2281 466 2423 530 353

348 639 691 736 idemque
725 643 960 739 major
1018 667 1194 716 arcu
1251 667 1290 714 8
1318 642 1434 715 dr
1486 643 1836 739 gradibus
1872 644 2016 739 8525
2071 667 2296 740 quare
2342 646 2419 719 in
2507 656 2681 770 PAJGS
2710 657 2795 706 W·

346 754 642 849 punctis
696 778 741 826 r
788 768 864 828 et
922 781 963 828 ,ς
1018 756 1458 852 contingunt
1525 756 1990 851 aequinoctia.
2096 755 2416 830 Quando
2527 758 2774 827 »ὴὲ-ν

347 890 523 962 ergo
560 880 760 941 terra
808 884 921 942 est
973 870 1050 941 in
1107 893 1175 959 r,
1224 868 1595 941 videbitur
1645 870 1753 942 sol
1807 869 1882 941 in
1916 893 1999 952 ες
2055 868 2197 941 erit
2233 892 2412 964 ergo
2444 859 2840 974 ξζὲξζῆξζζξω.

349 981 523 1052 solis
557 981 760 1053 locus
793 1005 1007 1054 verus
1041 982 1118 1054 in
1153 992 1206 1066 t,
1244 981 1320 1055 id
1356 992 1490 1070 est,
1544 995 1754 1054 extra
1785 992 2124 1055 centrum
2157 982 2418 1055 orbitae
2445 997 2579 1039 term
2599 993 2768 1039 annui·

348 1093 631 1167 telluris
665 1105 976 1185 tantum,
1012 1107 1328 1193 quantus
1370 1108 1485 1168 est
1517 1096 1718 1168 sinus
1750 1120 1962 1169 arcus
1997 1120 2046 1167 a
2068 1120 2135 1185 r,
2172 1096 2248 1168 id
2284 1107 2417 1182 est,

350 1206 552 1280 sinus
584 1207 946 1303 graduum
975 1217 1048 1294 2,
1088 1208 1262 1281 min.
1310 1217 1419 1281 16.
1523 1209 1596 1281 Is
1631 1220 1877 1281 autem
1911 1209 2140 1297 sium,
2169 1210 2414 1305 posito

350 1319 556 1394 radio
601 1329 939 1410 100,ΟΟΟ,
994 1322 1137 1395 erit
1190 1345 1442 1395 earum
1495 1322 1817 1418 partium
1873 1330 2096 1409 3‚580
2131 1346 2411 1419 prope;

349 1444 561 1506 tanta
587 1456 762 1528 ergo
798 1447 911 1506 est
945 1435 1204 1507 orbitae
1228 1435 1509 1508 telluris
1545 1435 2083 1523 excentricita5‚
2108 1435 2169 1508 si
2196 1435 2414 1509 modo

346 1557 565 1619 terrae
601 1546 845 1620 orbita
876 1546 973 1619 sit
1006 1547 1364 1632 circulus;
1409 1560 1485 1621 et
1504 1563 1783 1644 puncta
1809 1548 2417 1645 aequinoctiorum

350 1672 523 1733 sunt
556 1684 595 1731 8
630 1671 706 1732 et
737 1684 823 1744 νς
876 1671 950 1733 et
978 1672 1197 1734 rectae
1250 1685 1289 1732 8
1312 1684 1378 1748 r,
1436 1686 1478 1732 c
1503 1685 1576 1749 a,
1636 1671 2030 1756 protractae
2074 1660 2415 1756 utrinque

348 1797 579 1870 usque
614 1772 708 1845 ad
743 1773 1169 1868 signiferum
1221 1774 1555 1862 fixarum,
1610 1773 1941 1846 incident
1991 1773 2070 1846 in
2124 1774 2415 1846 easdem

350 1887 555 1975 fixas,
589 1897 981 1981 propterea
1014 1886 1215 1983 quod
1244 1899 1445 1960 totus
1498 1887 1696 1960 orbis
1747 1912 1796 1958 a
1820 1886 1863 1958 b
1886 1913 1927 1958 c
1949 1886 2024 1974 d,
2076 1901 2417 1984 respectu

354 1999 720 2072 distantiae
753 2000 1086 2085 fixarum,
1121 2000 1398 2074 nullam
1433 2000 1869 2096 supponitur
1902 2000 2173 2073 habere
2213 2023 2417 2096 mag-

352 2111 781 2185 nitudinem.

452 2225 712 2299 Restat
757 2227 913 2321 jam
962 2237 1070 2316 ut,
1133 2228 1508 2324 supposito
1572 2227 1726 2299 sole
1781 2227 1856 2299 in
1920 2237 1975 2317 t,
2038 2225 2419 2300 ostendam

353 2362 645 2412 causam
675 2363 899 2435 quare
934 2351 1157 2428 terra,
1194 2340 1487 2437 quando
1522 2352 1729 2413 motu
1769 2365 2015 2414 annuo
2048 2340 2419 2413 invenitur

353 2451 431 2525 in
489 2453 564 2541 d,
625 2453 965 2549 proprior
1020 2454 1153 2527 soli
1209 2464 1323 2526 est
1380 2477 1601 2549 quam
1657 2453 1950 2549 quando
2019 2465 2132 2525 est
2190 2455 2264 2526 in
2322 2452 2415 2535 b;

354 2591 573 2663 quam
609 2591 902 2640 causam
937 2568 1257 2642 arbitror
1292 2591 1448 2641 esse
1485 2568 1700 2640 hanc.
1804 2568 2186 2641 Existente
2222 2579 2422 2639 terra

352 2680 429 2753 in
498 2680 709 2754 initio
764 2681 1175 2776 capricorni
1242 2680 1340 2753 ad
1400 2680 1467 2769 b,
1524 2692 1830 2777 apparet
1895 2681 2003 2753 sol
2073 2681 2150 2752 in
2210 2680 2418 2752 initio

354 2794 602 2867 cancri
636 2793 735 2866 ad
767 2793 841 2866 d.
944 2795 1076 2866 Est
1130 2817 1305 2889 ergo
1361 2817 1447 2866 eo
1494 2804 1824 2889 tempore
1877 2793 2120 2866 media
2151 2804 2415 2876 aestas3

354 2920 435 2980 at
523 2907 770 2980 media
853 2921 1110 2981 aestate
1192 2907 1326 2980 soli
1413 2906 1826 2980 obvertitur
1898 2907 2181 2980 telluris
2247 2930 2417 3002 pars

352 3020 690 3110 borealiS,
728 3020 804 3093 in
840 3044 985 3116 qua
1017 3021 1342 3093 maxima
1390 3044 1561 3116 pars
1624 3033 1735 3092 est
1785 3021 1993 3093 arida
2025 3020 2417 3093 continens

353 3136 726 3230 Europam
759 3144 991 3207 totam
1052 3146 1128 3207 et
1173 3134 1410 3207 multo
1465 3133 1856 3206 maximam
1903 3145 2191 3229 partem
2225 3133 2419 3206 Asiae

355 3261 432 3320 et
497 3247 881 3320 Americae.
1012 3247 1329 3322 Quando
1389 3272 1565 3321 vero
1628 3259 1829 3319 terra
1884 3259 1997 3319 est
2062 3246 2140 3318 in
2206 3245 2416 3318 initio

357 3359 604 3431 cancri
640 3358 738 3431 ad
788 3358 863 3447 d,
910 3360 998 3432 fit
1055 3359 1300 3432 media
1350 3359 1631 3455 hyemS‚
1689 3371 1764 3432 et
1818 3358 2230 3432 obvertitur
2283 3357 2420 3430 soli

355 3483 575 3545 terrae
607 3495 775 3568 pars
811 3494 921 3560 ea,
958 3495 1122 3568 quae
1164 3472 1496 3544 continet
1524 3495 1794 3567 magna
1818 3471 2051 3544 maria
2079 3470 2419 3543 Australe

358 3596 435 3658 et
470 3584 830 3673 Indicum,
869 3609 1033 3681 quae
1066 3585 1299 3658 multo
1328 3587 1611 3681 majora
1642 3596 1815 3657 sunt
1845 3608 2065 3680 quam
2100 3584 2225 3679 qui
2245 3596 2419 3656 sunt

354 3698 433 3771 in
469 3697 729 3770 eodem
762 3697 1275 3793 hemisphaerio
1307 3711 1586 3770 tractus
1621 3709 1839 3770 terrae
1867 3698 2113 3770 aridae.
2170 3697 2418 3771 Quare

360 3798 527 3908 (per
561 3836 721 3907 cap.
779 3833 960 3884 xxl.
996 3810 1206 3884 artic.
1242 3811 1411 3904 ult.)
1472 3822 1673 3883 terra
1738 3810 1813 3883 in
1868 3810 1927 3883 d
1971 3809 2275 3884 accedet
2324 3809 2423 3882 ad

352 3924 674 4021 primum
726 3947 1054 4012 movenS‚
1112 3923 1194 3996 id
1252 3934 1389 4012 est,
1443 3922 1541 3995 ad
1595 3923 1848 4011 solem,
1904 3924 2030 4019 qui
2084 3937 2196 3996 est
2250 3923 2327 3995 in
2363 3933 2418 3995 t.

354 4037 703 4133 Proprior
735 4060 912 4133 ergo
939 4049 1052 4110 est
1085 4047 1286 4109 terra
1320 4036 1479 4125 soli,
1535 4036 1857 4109 existens
1913 4036 1989 4109 in
2049 4035 2122 4125 d,
2170 4036 2248 4108 id
2282 4049 2416 4124 est,

354 4143 598 4224 media
628 4150 915 4246 hyeme,
952 4174 1173 4247 quam
1208 4148 1529 4223 existens
1565 4149 1643 4222 in
1680 4147 1747 4237 b,
1803 4148 1879 4221 id
1907 4160 2042 4238 est,
2088 4160 2419 4245 tempore

356 4266 636 4339 aestivo.
737 4265 869 4337 Est
896 4264 1126 4361 igitur
1157 4263 1266 4337 sol
1301 4277 1634 4358 tempore
1667 4263 1997 4359 hyberno
2037 4263 2417 4360 perigaeus‚

356 4391 688 4474 tempore
723 4378 974 4451 aestivo
1011 4400 1379 4474 apogaeus.
1450 4377 1923 4450 Ostendimus
1947 4401 2122 4475 ergo
2159 4400 2420 4450 excen-

557 4514 742 4565 VOL.
783 4515 836 4566 1.
2090 4514 2139 4563 A
2171 4515 2218 4565 A
