3182 5102
400 646 578 696 PARS
615 647 660 697 1.

507 713 556 762 6.

331 850 505 899 Causae

325 916 553 965 mnximoe
576 916 628 965 in

327 995 617 1044 unoquoque

329 1060 503 1107 genere
525 1047 627 1094 uui-

331 1111 534 1159 versales
547 1118 662 1160 sunt

329 1189 415 1238 per
435 1192 487 1225 se
501 1179 720 1241 cognite.

751 459 845 524 62
1217 451 1747 529 coMPU‘rA‘rlo
1789 454 1997 531 slvs'
2017 478 2341 530 LofflcA.

750 641 1165 739 vestigandi
1222 644 1564 717 notiones
1619 667 1868 718 rerum
1900 644 2374 731 universale8‚
2426 666 2587 718 esse
2634 670 2818 742 pure

750 756 1214 853 analyticam.

850 879 914 943 5.
975 869 1232 944 Causae
1282 884 1532 944 autem
1581 871 2106 944 universalium
2167 872 2451 965 (eorum
2505 895 2817 967 quorum

750 1007 989 1057 causae
1022 984 1286 1080 aliquae
1321 984 1621 1057 omnino
1658 984 1861 1078 sunt)
1919 983 2328 1058 manifestae
2363 996 2536 1057 sunt
2568 1008 2701 1080 per
2737 1008 2815 1058 se

747 1099 901 1170 sive
933 1107 1223 1171 naturae
1263 1098 1379 1191 (ut
1412 1098 1702 1192 dicunt)
1742 1111 1964 1182 nota;
2017 1099 2126 1171 ita
2156 1110 2242 1170 ut
2276 1097 2479 1170 nulla
2511 1098 2812 1171 omnino

746 1210 1097 1283 methodo
1159 1210 1582 1305 indigeant;
1658 1234 1879 1283 causa
1935 1210 2130 1283 enim
2182 1233 2437 1283 eorum
2485 1210 2815 1284 omnium

744 1322 1176 1396 universalis
1242 1347 1414 1412 una,
1497 1334 1612 1396 est
1671 1334 1959 1406 motus;
2031 1347 2204 1395 nam
2266 1334 2343 1395 et
2403 1324 2808 1419 figurarum

744 1436 1073 1509 omnium
1092 1435 1408 1510 varietas
1430 1460 1519 1508 ex
1545 1435 1904 1508 varietate
1932 1435 2171 1508 oritur
2190 1446 2527 1507 motuum
2547 1436 2811 1532 quibus

745 1560 1300 1638 construuntur,
1367 1573 1507 1622 nec
1573 1561 1820 1622 motus
1887 1547 2106 1621 aliam
2175 1572 2472 1621 causam
2537 1549 2810 1623 habere

741 1663 1055 1759 intelligi
1086 1673 1337 1759 potest
1376 1672 1648 1758 praeter
1682 1661 1907 1734 alium
1941 1672 2248 1751 motum,
2300 1685 2539 1757 neque
2574 1662 2810 1735 varie-

741 1786 934 1849 tates
968 1799 1216 1848 rerum
1250 1798 1470 1847 sensu
1502 1785 2044 1870 perceptarum,
2077 1786 2165 1847 ut
2200 1774 2553 1863 colorum,
2592 1799 2810 1849 sono-

739 1912 928 1977 rum,
991 1910 1358 1983 saporum,
1418 1886 1543 1959 διο.
1600 1886 1819 1959 aliam
1867 1887 2147 1960 habent
2195 1910 2492 1960 causam
2536 1899 2810 1983 praeter

740 2012 1046 2089 motum,
1100 1999 1372 2097 partim
1428 1998 1506 2071 in
1560 1999 1872 2094 objectis
1932 1999 2345 2096 agentibus,
2404 1999 2676 2095 partim
2729 2001 2808 2073 in

741 2114 919 2211 ipsis
980 2113 1466 2187 sentientibus
1526 2112 2125 2197 delitescentem;
2204 2113 2314 2185 ita
2380 2124 2652 2201 tamen,
2720 2125 2808 2187 ut

741 2250 1182 2323 quamquam
1217 2226 1450 2322 qualis
1485 2225 1607 2298 ille
1640 2237 1885 2299 motus
1922 2226 2020 2298 sit
2054 2227 2212 2298 sine
2241 2226 2806 2300 ratiocinatione

741 2342 1089 2437 cognosci
1149 2364 1302 2413 non
1359 2339 1618 2435 possit,
1673 2362 1831 2413 esse
1883 2350 2129 2413 tamen
2165 2350 2452 2413 motum
2487 2340 2805 2435 aliquem

738 2453 1207 2528 manifestum
1275 2453 1394 2525 sit.
1495 2452 1658 2525 Etsi
1725 2452 1922 2525 enim
1980 2452 2350 2549 plerisque
2410 2464 2497 2526 ut
2563 2465 2803 2527 mutae

737 2569 1015 2641 tionem
1048 2569 1125 2641 in
1159 2577 1366 2640 motu
1395 2566 1797 2639 consistere
1824 2566 2243 2662 intelligant
2268 2567 2801 2641 monstratione

737 2681 983 2778 aliqua
1016 2703 1199 2777 opus
1234 2680 1353 2769 sit,
1406 2679 1482 2752 id
1532 2690 1780 2752 tamen
1832 2705 1982 2753 non
2034 2679 2308 2753 accidit
2356 2692 2660 2777 propter
2692 2682 2802 2754 rei

739 2794 1287 2882 obscuritatem,
1347 2791 1549 2884 (nam
1593 2803 1680 2864 ut
1729 2792 2008 2888 aliquid
2039 2794 2158 2866 vel
2193 2793 2285 2866 de
2321 2804 2522 2866 statu
2554 2793 2673 2867 vel
2708 2793 2800 2866 de

735 2921 944 2982 motu
997 2931 1129 2980 suo
1181 2905 1513 2993 decedat,
1564 2903 1709 2977 nisi
1757 2929 1891 3001 per
1942 2918 2225 2979 motum
2275 2905 2591 3001 intelligi
2647 2929 2798 2979 non

732 3019 1010 3117 potest)
1051 3017 1181 3091 sed
1206 3018 1323 3090 vel
1355 3029 1660 3113 propter
1695 3018 2104 3092 naturalem
2140 3018 2574 3107 discursum,
2610 3042 2799 3113 prae-

725 3133 1022 3231 judiciis
1091 3131 1613 3228 magistrorum
1679 3142 2132 3226 corruptum,
2217 3131 2336 3203 vel
2405 3143 2801 3227 propterea

731 3247 931 3345 quod
983 3244 1079 3318 ad
1135 3243 1524 3317 veritatem
1584 3241 2097 3338 inquirendam
2157 3244 2434 3317 nullam
2489 3244 2793 3318 omnino

731 3361 1259 3458 cogitationem
1292 3356 1670 3430 adhibent.

828 3483 899 3547 6.
955 3471 1288 3570 Cognitis
1322 3469 1552 3566 igitur
1577 3470 2113 3545 universalibus
2142 3484 2219 3545 et
2247 3495 2502 3545 eorum
2529 3472 2793 3562 causiS,

733 3586 931 3683 (quae
988 3596 1161 3660 sunt
1212 3583 1657 3680 cognitionis
1716 3589 1829 3654 τοῦ
1880 3584 2037 3656 διότι
2096 3585 2462 3682 principia
2520 3586 2789 3681 prima)

724 3701 1077 3775 habemus
1104 3697 1341 3794 primo
1364 3719 1619 3770 eorum
1648 3696 2113 3771 definitiones
2154 3698 2350 3795 (quae
2378 3698 2559 3771 nihil
2595 3698 2795 3771 aliud

570 3838 621 3898 et
725 3826 899 3889 sunt
981 3836 1200 3908 quam
1284 3821 1780 3905 conceptuum
1852 3822 2277 3884 nostrorum
2345 3809 2794 3906 simplicissi-

726 3951 1015 4001 morum
1073 3923 1632 4020 explicationes)
1705 3946 1877 3995 nam
1946 3924 2072 4020 qui
2140 3923 2379 3997 locum
2448 3924 2793 4020 (exempli

728 4041 979 4135 causa)
1020 4050 1222 4112 recte
1251 4037 1599 4133 concipit,
1652 4037 2154 4111 definitionem
2189 4038 2403 4125 hanc,
2438 4038 2645 4110 locus
2680 4048 2794 4110 est

728 4154 1046 4250 spatium
1107 4150 1307 4248 quod
1364 4174 1411 4223 a
1476 4174 1785 4247 corpore
1839 4150 2223 4245 adaequate
2279 4149 2627 4246 impletur
2677 4150 2791 4222 vel

727 4276 1153 4362 occupatur,
1221 4262 1561 4358 ignorare
1622 4286 1773 4336 non
1839 4274 2130 4358 potest3
2209 4273 2286 4335 et
2347 4262 2473 4358 qui
2524 4271 2792 4334 motum

725 4378 1071 4474 concipit,
1126 4374 1410 4448 nescire
1462 4399 1612 4447 non
1667 4385 1915 4469 potest
1970 4373 2168 4469 quod
2215 4385 2460 4447 motus
2496 4385 2611 4447 est
2642 4373 2789 4446 loci
