3182 5102
754 435 777 496 l
804 434 884 497 14
1336 447 1895 499 PHILOSOP'HIA
1935 448 2219 499 PRIMA.

407 621 587 733 ruffi
618 620 693 669 11·
745 612 1053 709 produci
1086 637 1341 711 posse,
1378 615 1440 687 si
1486 615 1706 689 modo
1743 616 1838 690 ad
1889 640 2116 712 agens
2170 615 2519 688 idoneum
2572 614 2805 711 appli-

409 720 690 790 2-—r‘d
747 739 991 799 catum
1040 725 1284 800 fuerit.
1410 728 1557 801 Sed
1617 728 1875 802 eadem
1934 728 2367 817 accidentia,
2419 740 2506 801 ut
2564 727 2804 823 capite

743 839 1206 936 praecedente
1289 841 1674 914 definitum
1752 853 1888 927 est,
1972 841 2435 915 constituunt
2504 865 2805 913 causam

746 952 1231 1025 materialem.
1336 954 1543 1027 Idem
1590 954 1821 1051 igitur
1871 965 1984 1027 est
2031 954 2381 1052 potentia
2425 952 2804 1052 patienti-s·

754 1066 949 1161 (quae
983 1077 1060 1138 et
1090 1068 1442 1163 potentia
1476 1068 1797 1165 passiva
1838 1066 2059 1162 vulgo
2096 1066 2394 1161 dicitur)
2450 1078 2526 1139 et
2573 1089 2804 1138 causa

745 1179 1189 1252 materiali&
1292 1179 1798 1253 consideratio
1837 1192 2082 1253 tamen
2119 1179 2407 1252 diversa
2443 1190 2578 1268 est,
2632 1177 2805 1272 quia

746 1293 823 1365 in
858 1317 1078 1366 causa
1111 1293 1617 1390 proeteritum,
1667 1293 1745 1366 in
1797 1294 2135 1391 potentia
2166 1294 2524 1391 futurum
2575 1292 2804 1388 respi-

747 1406 961 1479 citur.
1067 1406 1325 1502 Itaque
1359 1407 1696 1502 potentia
1728 1418 1887 1479 tum
1921 1406 2207 1502 agentis
2261 1417 2421 1478 tum
2454 1405 2803 1502 patientis

746 1518 960 1592 simul
1036 1531 1350 1615 sumpta,
1437 1544 1658 1615 quam
1739 1518 2143 1616 potentiam
2232 1518 2606 1617 integram
2690 1518 2804 1591 vel

731 1632 1041 1730 plenam
1111 1631 1477 1728 appellare
1542 1632 1741 1722 licet,
1827 1632 2022 1705 idem
2105 1642 2219 1705 est
2304 1632 2502 1727 quod
2586 1656 2807 1705 causa

747 1745 1057 1842 integra,
1155 1769 1327 1818 nam
1408 1757 1724 1841 utraque
1817 1745 2156 1818 consistit
2239 1744 2317 1817 in
2400 1757 2804 1842 aggregato

749 1858 1076 1932 omnium
1109 1856 1324 1931 simul
1358 1858 1874 1944 accidentium,
1926 1882 2089 1954 quae
2123 1857 2218 1930 ad
2256 1859 2600 1932 effectum
2630 1883 2803 1956 pro-

750 1970 1188 2059 ducendum,
1231 1982 1390 2044 tum
1432 1971 1509 2043 in
1543 1982 1809 2066 agente
1861 1982 2022 2044 tum
2071 1971 2147 2043 in
2182 1971 2532 2067 patiente,
2563 1972 2807 2067 requi-

749 2095 1036 2156 runtur.
1139 2082 1474 2179 Denique
1507 2083 1700 2156 sicut
1744 2084 2084 2157 accidens
2119 2083 2315 2179 quod
2361 2084 2806 2179 productum

750 2207 885 2286 est,
925 2207 1264 2292 respectu
1313 2219 1576 2284 causae,
1612 2197 1920 2291 effectus
1948 2223 1976 2279 ;
2029 2198 2137 2270 ita
2171 2209 2512 2293 respectu
2542 2209 2806 2294 poten-

751 2308 897 2398 tiae,
934 2317 1147 2381 actus
1182 2309 1612 2405 appellatur.

335 2431 445 2481 ouo
469 2430 673 2507 iqsstante
849 2432 918 2496 2.
973 2421 1609 2496 Quemadmodum
1674 2421 1901 2517 igitur
1980 2446 2126 2518 quo
2194 2423 2519 2496 instante
2586 2447 2809 2497 causa

332 2496 677 2638 ξῗέξὲῃζοῗέιῃ
752 2548 864 2610 est
918 2535 1245 2634 integra,
1309 2535 1565 2609 eodem
1634 2535 1941 2630 ffectus
2002 2534 2407 2631 productus
2476 2547 2635 2622 est;
2700 2538 2806 2611 sic

334 2627 721 2689 mmmmm·
753 2646 1041 2747 quoque
1103 2674 1248 2746 quo
1303 2650 1626 2723 instante
1683 2649 2020 2745 potentia
2069 2648 2309 2746 plena
2365 2651 2476 2735 fit,
2546 2651 2807 2725 eodem

752 2787 1040 2860 quoque
1076 2774 1306 2852 actuS,
1345 2763 1470 2857 qui
1504 2764 1597 2836 ab
1646 2786 1735 2835 ea
1764 2760 2071 2858 produci
2104 2761 2373 2857 potuit,
2402 2764 2807 2859 productus

751 2889 885 2950 est.
987 2878 1084 2950 Et
1128 2887 1215 2948 ut
1261 2876 1503 2949 nullus
1550 2876 1853 2949 effectus
1903 2875 2079 2948 oriri
2123 2885 2372 2971 potest
2416 2877 2543 2973 qui
2576 2902 2728 2952 non
2762 2904 2809 2953 a

752 3014 971 3064 causa
1019 2989 1423 3062 sufficiente
1471 3000 1547 3062 et
1590 2988 2003 3062 necessaria
2059 2987 2465 3084 productus
2521 2991 2640 3081 sit,
2701 2992 2811 3065 ita

752 3127 987 3201 neque
1022 3115 1230 3177 actus
1263 3103 1454 3175 ullus
1484 3102 1819 3200 produci,
1857 3102 1981 3197 qui
2015 3125 2167 3174 non
2199 3102 2605 3198 productus
2639 3105 2737 3179 sit
2762 3130 2810 3180 a

749 3216 1085 3314 potentia
1150 3216 1578 3305 sufficiente,
1665 3227 1741 3288 et
1800 3239 1847 3288 a
1912 3238 2059 3311 qua
2125 3238 2275 3288 non
2346 3218 2592 3312 potuit
2657 3243 2809 3294 non

748 3329 1079 3428 produci.

353 3443 632 3559 &33:2²3
850 3453 919 3517 3.
975 3441 1633 3531 Quemadmodum,
1662 3464 1958 3515 causam
1993 3439 2453 3531 efficientem,
2477 3453 2552 3514 et
2579 3454 2810 3516 mate-

352 3577 589 3638 passivam
749 3556 1003 3630 rialem
1037 3579 1168 3653 per
1204 3579 1282 3628 se
1315 3556 1509 3652 ipsas
1544 3553 1998 3627 ostendimus
2041 3576 2200 3627 esse
2232 3566 2480 3650 partes
2517 3566 2809 3630 tantum

358 3649 513 3701 partes
537 3650 637 3686 tan·
1037 3670 1052 3685 .
1663 3668 1679 3683 .
1728 3668 1743 3683 .
1930 3668 1946 3684 .

354 3713 457 3752 tum
481 3720 583 3752 esse
606 3719 692 3767 po·
752 3694 985 3743 causae
1034 3682 1364 3765 mtegrae,
1409 3692 1549 3742 nec
1607 3692 1750 3740 nisi
1785 3678 2215 3763 conjunctas
2263 3668 2607 3741 effectum
2638 3694 2810 3766 pro·

357 3770 517 3818 ‘²¹¹5ae
539 3769 708 3833 ⁹¹⁶⁰ae·
753 3784 1042 3873 ducere,
1111 3784 1216 3859 sic
1281 3806 1570 3879 quoque
1635 3781 1974 3878 potentia
2039 3781 2291 3854 activa
2357 3793 2433 3854 et
2486 3783 2811 3878 passiva

751 3910 996 3995 partes
1050 3909 1339 3971 tantum
1387 3907 1559 3968 sunt
1604 3894 1958 3991 potentiae
2016 3894 2276 3990 plenae,
2340 3905 2415 3965 et
2472 3894 2808 3990 integrae,

751 4035 890 4084 nec
939 4010 1213 4106 poterit
1267 4034 1358 4082 ex
1418 4008 1507 4081 iis
1569 4017 1785 4081 actus
1845 4007 2082 4096 educi,
2144 4007 2286 4080 nisi
2348 4007 2807 4101 conjunctis;

754 4124 1061 4218 ideoque
1094 4123 1447 4219 potentiae
1481 4123 1649 4212 illae,
1682 4134 1769 4196 ut
1817 4121 2132 4197 diximus
2178 4118 2488 4194 articulo
2540 4120 2807 4215 prim0,

754 4238 1097 4310 dicuntur
1169 4236 1518 4332 potentiae
1598 4260 1766 4310 cum
1844 4236 1984 4308 hac
2055 4233 2500 4321 conditione,
2574 4259 2812 4332 posse

740 4351 1032 4425 vscilicet
1094 4375 1354 4448 agens,
1413 4350 1482 4422 si
1542 4351 1754 4424 modo
1808 4348 2146 4447 patienti
2212 4345 2669 4446 applicetur,
2734 4361 2814 4422 et
