3182 5102
776 466 908 544 174
1368 489 1509 539 pm
1527 489 1934 541 LOSOPHIA
1976 491 2266 542 PRIMA.

432 649 605 766 PAllff
639 653 711 704 11·
768 651 1186 726 differentia
1212 667 1327 728 est
1361 656 1438 729 in
1495 658 2012 732 distantiarum
2064 659 2598 757 magnitudine.
2704 662 2854 736 Sed

343 841 393 889 S,
422 786 670 857 s-J-f
765 788 897 860 per
947 765 1298 839 similium
1354 770 1863 844 definitionem
1918 797 2082 868 quae
2132 773 2410 847 tradita
2442 786 2559 847 est
2605 777 2850 874 capite

340 846 668 984 aziam·
767 892 1037 951 11.art.
1074 889 1146 968 2,
1192 903 1358 975 quae
1410 882 1568 956 sola
1610 885 2124 981 magnitudine
2180 886 2533 960 differunt
2565 887 2850 961 similia

338 974 737 1104 ffifflfgtqffiffm
762 1004 959 1064 sunt.
1041 992 1343 1068 Habent
1398 1020 1575 1093 ergo
1608 1009 1888 1093 puncta
1922 1000 2012 1087 A,
2051 999 2138 1087 B,
2178 999 2238 1072 C
2281 1000 2505 1072 situm
2540 1000 2735 1073 inter
2769 1026 2852 1074 se

339 1102 457 1153 ’Μ
761 1105 1072 1179 similem
1101 1109 1259 1204 ejus
1294 1133 1512 1204 quem
1545 1112 1823 1185 habent
1857 1124 2141 1209 puncta
2173 1113 2258 1200 E,
2296 1113 2374 1202 F,
2411 1112 2477 1186 G
2506 1144 2524 1196 3
2577 1114 2659 1187 id
2708 1127 2848 1203 est,

758 1219 1095 1293 similiter
1128 1223 1373 1317 posita
1407 1237 1581 1296 sunt
1611 1256 1629 1307 ;
1684 1225 1881 1320 quod
1918 1237 2078 1298 erat
2103 1224 2596 1321 probandum.

856 1343 975 1407 22.
1030 1335 1303 1431 Figura
1368 1351 1482 1411 est
1552 1341 1952 1433 quantitaS,
2022 1349 2471 1435 punctorum
2541 1363 2847 1412 suorum

755 1460 1255 1522 extremorum
1289 1451 1620 1523 omnium
1664 1452 1814 1524 situ
1869 1453 2021 1524 sive
2070 1450 2443 1547 positione
2496 1450 2846 1525 determi-

754 1572 954 1634 nata.
1004 1562 1360 1635 Extrema
1380 1575 1630 1635 autem
1657 1589 1844 1637 voco
1872 1575 2153 1660 puncta
2171 1564 2320 1653 illa,
2346 1588 2511 1659 quae
2534 1577 2842 1639 externo

754 1675 920 1747 loco
971 1687 1145 1748 sunt
1194 1676 1571 1773 contigua.
1676 1678 1941 1774 Itaque
1978 1678 2056 1750 in
2081 1678 2281 1750 linea
2328 1689 2403 1749 et
2451 1679 2843 1774 superficie

755 1799 1034 1884 puncta
1068 1790 1316 1862 omnia
1361 1802 1694 1863 extrema
1727 1804 1926 1880 sunt,
1955 1790 2034 1863 in
2071 1789 2305 1864 solido
2341 1814 2518 1863 vero
2552 1804 2837 1887 puncta

757 1901 1194 1996 superficiei,
1220 1903 1421 1975 intra
1450 1928 1672 2001 quam
1702 1903 2019 1977 solidum
2049 1902 2479 1992 includitur,
2517 1905 2782 1978 omnia.

855 2015 951 2086 Et
1006 2014 1279 2088 similes
1332 2016 1590 2112 figurae
1643 2028 1840 2106 sunt,
1895 2040 2208 2113 quarum
2257 2028 2540 2112 puncta
2589 2020 2841 2093 omnia

751 2139 1087 2201 extrema
1150 2128 1370 2201 unius
1438 2128 1776 2201 similiter
1844 2141 2019 2202 sunt
2088 2129 2334 2224 posita
2399 2154 2489 2201 ac
2555 2144 2839 2225 puncta

755 2242 1003 2315 omnia
1070 2253 1401 2314 extrema
1459 2242 1785 2315 alterius.
1890 2242 2261 2315 Differunt
2320 2242 2516 2314 enim
2574 2243 2834 2339 figurae

754 2355 938 2427 tales
974 2355 1131 2429 sola
1157 2354 1688 2451 magnitudine.

854 2467 1141 2541 Similes
1177 2481 1426 2541 autem
1459 2469 1719 2565 figurae
1754 2469 2090 2542 similiter
2124 2468 2388 2566 positae
2425 2481 2622 2559 sunt,
2658 2494 2829 2545 cum

741 2582 1130 2678 utriusque
1165 2584 1422 2679 figurae
1456 2593 1682 2654 rectae
1740 2583 2178 2678 homologae,
2241 2582 2322 2655 id
2379 2595 2516 2667 est,
2577 2597 2830 2674 rectae,

743 2720 910 2792 quae
945 2707 1400 2768 connectunt
1433 2707 1714 2790 puncta
1746 2708 2196 2791 comparata,
2232 2694 2600 2792 parallelae
2628 2710 2826 2771 sunt.

840 2810 939 2881 Et
958 2809 1306 2907 quoniam
1341 2822 1548 2881 recta
1581 2810 1820 2881 omnis
1855 2810 2057 2882 omni
2091 2822 2338 2897 rectae,
2372 2819 2449 2880 et
2481 2809 2825 2905 planities

739 2921 1095 3018 planitiei,
1120 2920 1296 2995 dum
1320 2920 1666 3017 planities
1688 2933 1979 2994 tantum
2004 2921 2534 3011 consideretur,
2568 2922 2823 2996 similis

737 3046 885 3118 est;
923 3034 1241 3129 cognitis
1266 3033 1650 3122 linearum,
1675 3057 1839 3129 quae
1860 3034 2103 3130 plana,
2125 3035 2244 3108 vel
2269 3036 2822 3130 superficierum

736 3171 903 3243 quae
956 3147 1190 3220 solida
1238 3146 1652 3235 includunt,
1704 3147 2334 3243 proportionibuS,
2372 3171 2819 3242 cognoscere

735 3286 833 3335 an
864 3263 1105 3358 figura
1136 3260 1537 3356 propositae
1571 3262 1830 3356 figurae
1865 3260 2120 3334 similis
2156 3261 2251 3334 sit
2288 3284 2385 3333 an
2419 3259 2815 3351 dissimilis,

732 3399 885 3448 non
921 3385 1035 3448 est
1070 3373 1386 3446 difficile.

836 3489 1221 3561 Hactenus
1256 3488 1332 3560 in
1384 3486 1852 3584 philosophia
1901 3488 2140 3584 prima
2188 3487 2461 3560 versati
2515 3512 2813 3562 sumus:

730 3603 1110 3699 proximus
1161 3601 1366 3673 locus
1410 3602 1838 3697 geometriae
1891 3614 2028 3686 est,
2079 3602 2157 3674 in
2215 3625 2361 3696 qua
2409 3602 2815 3698 figurarum

731 3716 1185 3811 quantitates
1222 3738 1316 3786 ex
1352 3714 1711 3786 linearum
1746 3713 2351 3810 proportionibus
2399 3726 2476 3786 et
2522 3716 2812 3811 angulis

729 3830 1291 3926 investigantur.
1394 3828 1530 3900 Est
1562 3828 1815 3923 itaque
1855 3828 2338 3923 geometriam
2370 3852 2809 3923 aggressuro

730 3967 893 4038 quae
955 3943 1052 4015 sit
1105 3940 1568 4037 quantitatis,
1623 3940 2149 4036 proportionis,
2212 3941 2675 4036 angulorum,
2732 3953 2811 4014 et

727 4059 985 4153 figurae
1052 4067 1341 4144 natura,
1401 4053 2203 4150 praecognoscendum:
2277 4066 2353 4126 et
2411 4068 2809 4151 propterea

726 4171 1091 4265 capitibus
1161 4168 1397 4241 tribus
1480 4167 1816 4263 proxime
1881 4168 2470 4262 praecedentibus
2550 4193 2807 4242 eorum

725 4295 1027 4357 naturas
1083 4282 1482 4379 explicatas
1536 4280 2026 4377 Philosophiae
2078 4282 2359 4377 primae,
2410 4305 2630 4378 quam
2681 4283 2805 4356 hic

724 4396 1048 4486 dimitto,
1083 4394 1591 4491 adjungendas
1627 4417 1788 4468 esse
1815 4393 2168 4490 judicavi.
