3182 5102
1039 500 1145 550 DE
1185 501 1820 553 PROPOSITIONE.
2370 487 2464 567 27

389 677 783 750 verborum
858 678 1081 752 etiam
1146 682 1762 758 incohaerentium
1850 685 2239 774 connexio,
2325 686 2467 759 etsi
2558 712 2734 762 PARS
2769 712 2814 761 1.

392 791 748 864 orationis
782 793 929 864 fine
977 793 1086 887 (id
1119 807 1234 867 est
1269 796 1842 893 significatione)
1894 813 2168 889 careat,
2227 800 2466 872 oratio
2550 781 2833 885 »ΣΞ-μ

393 916 640 977 tamen
677 918 833 989 est;
892 909 1362 1005 occurritque
1396 912 1595 1008 apud
1624 912 2021 1008 scriptores
2077 913 2470 1009 Metaphy-

394 1019 585 1091 sicos
635 1042 787 1091 non
839 1020 1074 1093 multo
1125 1022 1368 1096 minus
1421 1048 1618 1121 saepe
1651 1049 1872 1121 quam
1913 1026 2152 1100 oratio
2190 1026 2470 1123 sig-nifi-

396 1132 657 1205 cativa.
762 1132 1252 1230 Philosophiae
1306 1137 1528 1210 unica
1577 1139 1936 1212 orationis
1992 1139 2275 1237 species
2331 1151 2468 1230 est,

395 1269 616 1342 quam
662 1259 936 1320 vocant
981 1248 1106 1320 alii
1156 1250 1451 1345 quidem
1487 1251 1792 1339 dietum,
1827 1253 1952 1325 alii
1985 1253 2469 1343 enuntiatum,

395 1370 473 1432 et
515 1360 1107 1455 pronuntiatum,
1160 1361 1491 1459 plerique
1527 1375 1778 1437 autem
1818 1364 2417 1462 propositionem
2440 1393 2469 1447 ,-

393 1471 736 1545 videlicet
784 1473 1195 1545 orationem
1243 1475 1797 1569 affirmantium,
1846 1477 1964 1550 vel
2006 1478 2467 1575 negantium,

394 1597 796 1681 notamque
829 1586 1167 1660 veritatis
1204 1599 1281 1660 et
1314 1588 1688 1662 falsitatis

494 1708 563 1770 2.
626 1699 761 1771 Est
820 1710 1070 1771 autem
1131 1700 1246 1773 Pr
1249 1701 1574 1797 opos-itio
1639 1702 1888 1775 oratio
1955 1710 2311 1775 constans
2375 1724 2469 1773 ex
2456 1693 2848 1828 ggffiffi’om

395 1809 678 1883 duobus
729 1811 1138 1886 nominibus
1195 1813 1575 1912 copulatis
1614 1840 1768 1913 qua
1801 1813 2199 1913 significat
2233 1814 2304 1886 is
2339 1813 2471 1910 qui

393 1923 754 2021 loquitur,
799 1927 1202 2024 concipere
1258 1952 1339 1999 se
1395 1953 1652 2001 nomen
1698 1929 2097 2028 posterius
2143 1927 2473 2023 ejusdem

395 2037 514 2109 rei
583 2062 839 2111 nomen
920 2064 1108 2127 esse,
1177 2041 1389 2136 cujus
1456 2052 1573 2113 est
1636 2067 1893 2114 nomen
1947 2041 2179 2138 prius
2201 2067 2231 2124 ‚·
2317 2039 2471 2113 sive

401 2150 635 2246 (quod
661 2150 858 2226 idem
879 2152 1023 2247 est)
1057 2177 1331 2227 nomen
1349 2154 1554 2250 prius
1574 2179 1623 2228 a
1645 2154 2058 2252 posteriore
2080 2152 2471 2239 contineri,

397 2264 711 2360 exempli
768 2289 1012 2354 causa,
1075 2266 1314 2340 oratio
1379 2266 1538 2340 haec
1595 2267 1803 2340 homo
1862 2278 1977 2340 est
2031 2264 2339 2355 animal,
2394 2264 2473 2336 in

396 2401 544 2474 qua
576 2377 724 2450 duo
755 2378 1060 2451 nomina
1094 2379 1538 2476 copulantur
1561 2404 1697 2476 per
1728 2381 2037 2454 verbum
2069 2379 2247 2468 Est,
2288 2402 2473 2475 pro-

380 2490 676 2587 positio
710 2501 826 2565 est
851 2523 869 2576 ;
921 2504 1320 2589 propterea
1346 2493 1550 2590 quod
1578 2494 1705 2591 qui
1734 2494 1839 2568 sic
1870 2493 2074 2584 dicit,
2105 2491 2475 2589 significat

396 2616 657 2699 putare
708 2628 787 2677 se
839 2630 1110 2678 nomen
1143 2607 1513 2703 posterius
1548 2607 1834 2681 animal
1863 2629 2135 2681 nomen
2172 2629 2331 2679 esse
2365 2605 2475 2679 rei

397 2717 724 2813 ejusdem
755 2720 963 2814 cujus
993 2743 1263 2792 nomen
1293 2732 1409 2792 est
1441 2719 1675 2809 homo,
1733 2720 1886 2794 sive
1946 2742 2218 2793 nomen
2268 2717 2473 2814 prius

395 2829 605 2902 homo
641 2832 1007 2905 contineri
1042 2833 1121 2904 in
1154 2833 1454 2906 nomine
1487 2834 1900 2929 posteriore
1934 2830 2240 2906 animal.

497 2944 703 3017 Solet
747 2957 997 3018 autem
1053 2946 1344 3019 Nomen
1397 2947 1604 3043 prius
1664 2947 2070 3044 subjectum
2115 2944 2229 3019 vel
2262 2954 2473 3017 ante-

397 3057 690 3148 cedens,
779 3059 896 3131 vel
969 3069 1410 3150 contentum,
1496 3061 1866 3156 posterius
1942 3058 2471 3158 praedicatum,

399 3195 874 3268 consequens,
915 3172 1034 3244 vel
1077 3172 1463 3245 continens
1519 3174 1915 3270 appellari3
1971 3173 2263 3269 signum
2297 3195 2475 3244 con-

399 3284 731 3357 nexionis
766 3284 844 3356 in
877 3285 1248 3382 plerisque
1302 3287 1673 3382 gentibuS,
1724 3287 1841 3359 vel
1877 3298 1992 3359 est
2023 3311 2169 3358 vox
2204 3284 2471 3380 aliqua,

399 3409 484 3469 ut
526 3397 651 3470 illa
685 3397 861 3486 Est,
922 3410 1007 3470 ut
1058 3399 1136 3470 in
1182 3400 1691 3497 propositione
1738 3400 1947 3472 homo
2002 3409 2118 3471 est
2166 3397 2471 3487 animal,

399 3509 514 3581 vel
548 3510 751 3582 vocis
801 3535 1013 3584 casus
1067 3512 1219 3585 sive
1272 3512 1696 3586 terminatio
1739 3513 2006 3609 aliqua,
2062 3523 2149 3584 ut
2201 3511 2281 3584 in
2334 3510 2474 3585 hac

400 3624 901 3720 propositione
936 3623 1143 3697 homo
1179 3625 1511 3697 ambulat
1565 3629 1763 3722 (quae
1808 3627 2004 3699 idem
2035 3626 2233 3698 valet
2276 3625 2478 3720 quod

401 3735 604 3807 homo
660 3747 778 3808 est
837 3735 1255 3832 ambulans)
1331 3740 1757 3812 terminatio
1828 3739 1955 3811 illa
2011 3763 2157 3835 qua
2203 3737 2477 3810 dicitur

402 3847 728 3921 ambulat
798 3850 1048 3946 potius
1113 3875 1333 3948 quam
1403 3851 1815 3942 ambulans,
1876 3853 2169 3949 signum
2222 3864 2335 3924 est
2387 3876 2477 3924 ea

401 3963 698 4035 nomina
747 3964 1039 4060 concipi
1090 3976 1176 4037 ut
1227 3966 1596 4061 copulata,
1642 3966 1793 4039 sive
1827 3979 1913 4039 ut
1945 3967 2250 4040 nomina
2281 3967 2473 4062 ejus-

402 4073 565 4147 dem
600 4076 731 4148 rei.
828 4077 1017 4149 Sunt
1060 4090 1308 4150 autem
1356 4091 1619 4175 gentes
1671 4080 2069 4169 nonnullae,
2116 4079 2235 4152 vel
2272 4092 2473 4153 certe

403 4210 556 4260 esse
589 4200 927 4284 possunt,
966 4214 1129 4286 quae
1156 4215 1416 4264 vocem
1443 4192 2012 4287 respondentem
2040 4193 2267 4265 verbo
2301 4215 2473 4265 nos-

404 4311 518 4374 tro
570 4301 727 4374 Est
767 4302 1045 4375 nullam
1093 4304 1395 4377 omnino
1451 4305 1801 4395 habeant,
1849 4305 2176 4379 formant
2223 4317 2472 4379 tamen

401 4415 942 4511 propositiones
998 4416 1155 4489 sola
1199 4416 1520 4489 nominis
1564 4417 1783 4490 unius
1824 4432 1995 4513 post
2043 4417 2242 4492 aliud
2275 4418 2473 4514 posi-
