3182 5102
742 476 848 527 nn
890 475 1421 527 nmssNsroNE
1461 475 1824 542 crucum,
1864 476 2037 528 n‘rc.
2286 461 2432 535 257

343 644 594 744 plana
622 670 650 728 ,·
700 643 918 717 linea>
977 642 1188 731 enim,
1233 665 1389 740 per
1453 666 1645 740 qnae
1705 641 1899 715 talia
1937 641 2446 741 problemata·

361 758 851 846 inveniuntur,
889 757 964 829 in
986 756 1229 855 plano
1269 767 1511 829 ortum
1556 756 1854 829 habent.
1964 757 2427 854 Quaecunque

358 896 533 945 vero
559 870 964 959 solvuntur,
996 879 1383 968 assumpta
1411 869 1486 942 in
1513 870 2128 943 constructionem
2165 870 2428 967 aliqua

357 985 528 1058 coni
561 984 889 1058 sectione
921 981 1041 1056 vel
1071 982 1299 1056 etiam
1329 981 1711 1082 pluribus,
1745 983 1997 1056 solida
2031 981 2429 1081 appellata

359 1108 533 1172 eunt
558 1126 586 1183 ‚·
670 1097 1015 1196 quoniam
1100 1096 1211 1169 ad
1289 1096 1929 1184 constructionem,
2014 1094 2428 1169 solidarum

333 1213 777 1309 figurarum
810 1208 1348 1308 superficiebus
1403 1208 1759 1282 videlicet
1813 1208 2091 1282 conicis
2142 1208 2253 1281 uti
2302 1234 2427 1282 ne-

361 1325 773 1398 cessariam
819 1333 956 1396 est.
1058 1321 1540 1419 Relinquitur
1596 1321 1897 1394 tertium
1940 1346 2183 1421 genas
2229 1322 2434 1419 quod

360 1437 652 1511 lineare
685 1435 1126 1534 appellatur
1153 1463 1181 1508 .·
1233 1434 1450 1508 lineae
1484 1435 1673 1507 enim
1716 1434 1894 1507 alite
1928 1444 2229 1532 proeter
2260 1436 2427 1530 jam

360 1551 612 1625 dictas
636 1551 712 1623 in
735 1548 1353 1622 constructionem
1379 1556 1873 1636 assumuntur,
1897 1545 2030 1639 (3-0.
2091 1548 2189 1620 Et
2206 1548 2425 1644 paulo

358 1676 552 1761 post,
613 1689 706 1736 ex
755 1664 892 1736 hoc
941 1685 1225 1759 genere
1282 1669 1454 1732 sunt
1504 1659 1723 1733 lineoe
1770 1659 2069 1748 helice-5,
2123 1670 2200 1733 et
2242 1685 2427 1758 qua·

360 1776 768 1861 dratrices,
804 1784 878 1847 et
913 1773 1420 1862 conchoeides,
1458 1784 1534 1846 et
1569 1774 1998 1847 cissoeides.
2116 1773 2427 1846 Videtur

335 1900 605 1987 ‘autem
631 1913 772 1961 non
784 1911 1108 1985 parvum
1119 1895 1521 1985 peccatum
1546 1910 1713 1958 esse
1736 1887 1949 1984 apud
1971 1896 2426 1984 geometrae,

357 2028 521 2076 cnm
540 2000 939 2100 problema
971 1998 1288 2098 planum
1323 2022 1477 2096 per
1525 1999 1786 2072 conica
1819 1999 1940 2072 vel
1971 1999 2297 2072 linearia
2332 2002 2428 2074 ab

358 2116 616 2214 aliquo
643 2114 1032 2187 invenitur.
1121 2112 1339 2186 Ponit
1367 2124 1616 2185 autem
1644 2112 1895 2208 anguli
1924 2112 2428 2186 trisectionem

358 2230 556 2302 inter
616 2226 870 2313 solida,
932 2237 1009 2299 et
1076 2226 1790 2323 quinquisectionem
1852 2227 2047 2299 inter
2096 2226 2425 2300 linearia.

361 2341 566 2417 Quid
599 2338 826 2436 ergo?
878 2351 1276 2435 geometrae
1312 2338 1598 2435 antiqui
1629 2340 1751 2436 qui
1793 2339 1888 2412 ad
1915 2351 2195 2413 rectam
2228 2340 2427 2414 inve-

360 2454 707 2528 niendam
754 2452 957 2525 arcui
993 2452 1250 2525 circuli
1283 2453 1664 2548 aequalem,
1717 2475 1852 2549 per
1900 2452 2425 2549 quadraticem,

359 2580 439 2642 et
471 2568 628 2664 ipse
663 2567 976 2662 PappuS,
1012 2565 1139 2662 qui
1170 2590 1305 2663 per
1349 2566 1824 2663 hyperbolem
1860 2566 2143 2640 invenit
2175 2569 2426 2665 anguli

362 2679 518 2754 dati
543 2678 1066 2766 trisectionem,
1089 2702 1184 2751 an
1212 2677 1754 2774 peccaverunt?
1806 2678 2130 2752 minime.
2233 2681 2424 2752 Nam

353 2793 759 2876 ,utebantur
787 2790 1074 2885 antiqui
1120 2790 1402 2886 analysi
1444 2791 1610 2878 hac,
1663 2814 1798 2888 per
1846 2803 2297 2887 potestates;
2352 2806 2428 2866 et

360 2930 523 3003 quae
549 2929 682 3002 per
714 2904 1086 3001 proximas
1135 2904 1297 2976 fieri
1337 2916 1669 3000 potuere,
1716 2917 2106 3000 peccatum
2152 2917 2312 2979 erat
2363 2907 2425 2979 si

358 3021 690 3094 facerent
733 3042 869 3115 per
912 3017 1392 3100 remotiores;
1447 3029 1962 3113 argumentum
2016 3017 2212 3092 enim
2246 3018 2425 3092 illud

358 3144 544 3223 erat,
581 3131 778 3229 quod
812 3130 920 3204 rei
953 3143 1296 3204 naturam
1331 3154 1479 3203 non
1515 3130 1694 3203 satis
1728 3130 2265 3227 intelligerent!

460 3245 868 3341 Analyticae
941 3267 1077 3340 per
1152 3253 1559 3340 potestates
1625 3243 1860 3316 virtus
1941 3244 2283 3317 consistit
2349 3245 2425 3318 in

362 3357 924 3444 commutandis»,
977 3356 1375 3445 versandiS,
1426 3355 1926 3452 vexandisque
1977 3358 2424 3454 rectangulis

362 3483 442 3545 et
472 3470 940 3566 analogismis
969 3501 988 3553 ;
1043 3481 1120 3543 et
1164 3469 1433 3565 peritia
1483 3468 1979 3565 analystarum
2014 3469 2254 3566 logica
2288 3484 2423 3559 est,

362 3607 511 3680 qna
555 3581 904 3680 quicquid
938 3583 1016 3655 in
1058 3581 1548 3656 conclusionis
1596 3582 1923 3677 quaesitae
1967 3583 2299 3679 subjecto
2350 3596 2428 3658 et

360 3695 764 3794 praedicato
818 3695 1086 3783 latitat,
1139 3695 1556 3769 methodice
1608 3696 1921 3768 inveniri
1972 3697 2225 3792 possit.
2326 3697 2428 3769 At

361 3808 785 3908 symbolica,
849 3832 995 3905 qua
1041 3809 1390 3905 permulti
1449 3808 1670 3881 hodie
1720 3820 2031 3882 utuntur
2081 3821 2425 3905 putantes

361 3947 520 3997 esse
553 3921 1017 4019 analyticam,
1057 3946 1195 3995 nec
1228 3922 1596 4020 analytica
1629 3934 1741 3994 est
1793 3946 1931 3994 nec
1985 3922 2423 4019 synthetica,

361 4038 493 4112 sed
551 4035 1119 4111 calculationum
1176 4035 1806 4109 arithmeticamm
1869 4035 2165 4133 quidem
2225 4060 2422 4124 vera,

359 4149 973 4248 geometricamm
1046 4161 1292 4222 autem
1357 4147 1541 4221 falsa
1617 4148 2225 4245 brachygraphia,
2303 4173 2422 4222 ars

361 4263 659 4361 quidem
690 4286 842 4334 non
895 4261 1208 4334 docendi
1259 4284 1498 4356 neque
1545 4258 1875 4335 discendi
1915 4262 2419 4358 geometriam,

339 4377 492 4452 -sed
523 4377 826 4449 inventa
871 4386 1417 4472 geometrarum
1469 4373 1806 4447 celeriter
1857 4387 1932 4449 et
1984 4376 2418 4471 compendio

562 4512 744 4562 vot.
787 4512 839 4562 1.
2182 4512 2218 4561 s

2471 650 2647 701 PARS
2684 650 2788 700 111.

2590 719 2666 765 20.

2493 787 2739 822 s-f-ae

2457 856 2685 919 Analysis
2706 836 2756 905 et

2455 922 2849 986 synthesigquid.
