3182 5102
722 442 865 509 254
1224 456 1332 508 ns
1372 456 1886 508 nsrmmnus
1925 454 2322 511 ›ao-rtem

366 628 543 682 uns
576 630 685 683 111.
722 622 829 696 tio
862 621 1058 693 enim
1092 644 1246 695 non
1277 634 1412 710 est,
1447 646 1617 718 qnae
1661 644 1814 695 non
1861 632 1973 693 est
2015 619 2439 693 scientifica.
2542 617 2799 691 Scien-

382 698 667 803 -33-—2
723 735 925 808 tifica
942 745 1189 807 autem
1212 758 1363 807 non
1389 748 1524 823 est,
1551 736 1691 807 nisi
1718 759 1883 830 quae
1908 758 1998 805 ex
2024 733 2444 827 cognitione
2461 731 2798 827 procedit

298 834 696 965 mg&
722 870 1107 920 causarum
1142 846 1408 943 quibus
1441 849 1892 921 constructio
1941 846 2414 942 problematis
2457 845 2793 917 efficitur.

723 961 981 1056 Itaque
1014 973 1099 1034 ut
1124 961 1551 1059 colligamus
1573 986 1742 1058 quae
1767 961 1966 1034 dicta
1991 973 2162 1032 sunt
2187 960 2262 1031 in
2286 959 2795 1031 brevissimum

720 1075 1261 1171 compendium,
1298 1074 1642 1172 analysis
1663 1085 1778 1147 est
1811 1073 2299 1146 ratiocinatio
2327 1096 2378 1144 a
2400 1072 2796 1169 supposito

722 1197 1149 1263 constructo
1212 1188 1336 1261 vel
1386 1189 1626 1283 sacto
1693 1188 1805 1260 ad
1852 1188 2078 1285 sacti
2142 1187 2300 1258 sive
2384 1183 2797 1257 constructi

721 1325 1027 1375 causam
1046 1302 1481 1397 efficientem
1507 1300 1628 1376 vel
1657 1301 1931 1374 multas
1964 1299 2478 1394 coffcientes.
2584 1298 2688 1370 Ut
2721 1309 2799 1368 et

723 1412 1100 1510 synthesis
1160 1414 1651 1488 ratiocinatio
1698 1423 1813 1486 est
1872 1438 1921 1485 a
1981 1412 2235 1485 causis
2286 1410 2568 1509 primis
2626 1433 2798 1482 con-

722 1527 1164 1601 structionis
1184 1551 1341 1624 per
1375 1527 1622 1600 media
1650 1526 1762 1599 ad
1790 1526 2030 1624 ipsum
2051 1526 2364 1623 sactum
2384 1533 2795 1622 perpetua.

825 1639 973 1714 Sed
1006 1640 1354 1735 quoniam
1388 1641 1604 1714 multi
1636 1639 1840 1713 modi
1874 1652 2047 1712 sunt
2094 1639 2357 1733 quibus
2389 1637 2642 1710 eadem
2677 1660 2798 1708 res

721 1754 1058 1851 generari
1093 1754 1243 1827 sive
1277 1754 1658 1850 problema
1689 1753 2019 1826 construi
2050 1753 2304 1848 possit,
2346 1774 2496 1823 non
2544 1773 2799 1823 omnoe

721 1880 1141 1965 geometrae,
1190 1891 1326 1941 nec
1361 1867 1555 1941 idem
1600 1877 1979 1964 geometra
2011 1889 2319 1962 semper,
2355 1864 2608 1937 eadem
2643 1886 2800 1935 me-

722 1981 951 2055 thodo
1003 1979 1117 2053 usi
1161 1992 1358 2052 sunt.
1462 1981 1655 2053 Nam
1699 1980 1761 2053 si
1803 1979 2203 2076 imperetur
2260 1978 2452 2051 datae
2504 1977 2798 2050 cuidam

724 2092 1116 2191 quantitati
1138 2092 1354 2166 aliam
1376 2104 1802 2166 construere
1826 2091 2205 2187 aequalem,
2235 2101 2514 2187 quaeret
2537 2090 2800 2186 aliquis

723 2230 819 2281 an
853 2206 930 2280 id
962 2206 1122 2278 fieri
1155 2206 1386 2302 possit
1417 2206 1768 2303 fingendo
1823 2219 2110 2278 motum
2158 2205 2498 2301 aliquem.
2602 2204 2799 2276 Nam

722 2342 816 2394 ex
875 2330 1083 2393 motu
1150 2330 1225 2392 et
1290 2331 1623 2416 tempore
1690 2320 1901 2417 argui
1967 2331 2214 2416 potest
2279 2318 2653 2415 aequalitas
2720 2328 2799 2389 et

723 2432 1180 2530 inaequalitas
1241 2433 1701 2528 quarundam
1769 2433 2286 2529 quantitatum,
2349 2456 2499 2505 non
2557 2431 2801 2504 minus

725 2569 945 2644 quam
998 2568 1129 2642 per
1186 2547 1790 2643 congruentiam:
1844 2557 1919 2620 et
1975 2557 2222 2642 potest
2281 2545 2527 2641 aliquo
2587 2557 2800 2617 motu

723 2659 908 2750 fieri,
943 2670 1030 2733 ut
1057 2659 1221 2733 duae
1258 2661 1707 2756 quantitates
1741 2661 1892 2734 sive
1926 2660 2142 2733 lineae
2169 2658 2321 2732 sive
2350 2658 2797 2754 superficieS,

725 2773 860 2847 etsi
895 2773 1126 2847 altera
1156 2788 1365 2847 recta
1405 2774 1640 2847 altera
1682 2798 1909 2847 curva
1957 2773 2073 2862 sit,
2114 2796 2246 2869 per
2296 2773 2799 2846 extensionem

725 2896 1142 2982 congruant
1199 2896 1275 2958 et
1325 2886 1794 2969 coincidant;
1849 2910 1995 2981 qua
2050 2884 2401 2959 methodo
2461 2908 2635 2957 usus
2686 2896 2800 2957 est

723 2998 1205 3072 Archimedes
1226 2998 1303 3072 in
1327 2999 1736 3095 spiralibus.
1841 2999 2080 3072 Etiam
2106 3022 2198 3071 ex
2218 2997 2799 3072 consideratione

721 3110 1154 3208 ponderum,
1244 3112 1622 3207 aequalitas
1698 3112 2244 3208 inaequalitasve
2322 3111 2633 3184 inveniri
2722 3123 2801 3184 et

723 3222 1214 3299 demonstrari
1264 3236 1560 3320 potest;
1613 3236 1699 3299 ut
1748 3226 1924 3298 fecit
1974 3225 2168 3298 idem
2210 3224 2687 3298 Archimedes
2719 3226 2799 3298 in

722 3337 1171 3434 quadratura
1219 3337 1613 3432 parabolae.
1719 3337 2084 3411 Praeterea
2133 3337 2514 3432 aequalitas
2561 3349 2638 3410 et
2687 3337 2798 3409 in-

722 3450 1099 3547 aequalitas
1134 3450 1510 3523 invenitur
1535 3473 2036 3546 saepenumero
2064 3474 2154 3523 ex
2180 3451 2506 3523 sectione
2530 3448 2801 3523 utrius—

723 3587 866 3660 que
902 3562 1339 3659 quantitatis
1386 3563 1463 3635 in
1508 3576 1759 3660 partes
1811 3587 1990 3659 quas
2041 3563 2508 3636 considerant
2552 3575 2638 3636 ut
2686 3563 2799 3635 in·

723 3675 1142 3766 divisibiles,
1195 3685 1280 3747 ut
1329 3675 1507 3749 fecit
1556 3675 1828 3749 nostris
1880 3676 2330 3772 temporibus
2382 3675 2800 3749 Cavalerius

723 3788 1269 3874 Bonaventura,
1320 3800 1397 3860 et
1436 3789 1633 3861 idem
1670 3787 2145 3861 Archimedes
2177 3789 2256 3862 in
2309 3788 2560 3861 multis
2593 3788 2797 3861 locis.

723 3898 929 3974 Idem
966 3900 1284 3997 denique
1319 3901 1403 3974 fit
1439 3900 1974 3975 considerando
2007 3901 2366 3974 linearum
2399 3912 2800 3998 potestates

718 4014 838 4089 vel
869 4024 1313 4112 potestatum
1363 4014 1620 4103 latera,
1670 4038 1805 4111 per
1847 4014 2559 4110 multiplicationem,
2615 4014 2800 4087 divi-

720 4127 1026 4217 sionem,
1078 4125 1556 4216 additionem,
1618 4127 2212 4217 subtractionem,
2266 4142 2345 4201 et
2391 4126 2705 4202 laterum
2756 4152 2798 4199 e

720 4239 1212 4337 potestatibus
1258 4241 1811 4328 extractionem,
1848 4240 1962 4312 vel
1996 4240 2435 4314 inveniendo
2476 4240 2606 4313 ubi
2650 4254 2801 4313 ter—-

721 4353 1094 4427 minantur
1126 4364 1350 4426 rectoe
1383 4352 1713 4450 ejusdem
1755 4353 2083 4428 rationis,
2185 4354 2520 4451 Exempli
2553 4378 2798 4441 causa,
