3182 5102
703 470 842 550 274
1198 486 1305 537 ΒΕ
1348 485 1864 537 antonimus
1906 485 2295 537 mortum.

330 660 510 774 PAR-⁴}
550 656 661 708 ¹1¹·
810 656 1033 731 Quod
1066 655 1129 727 si
1180 654 1540 751 liquidum
1574 655 1653 728 in
1712 655 1878 727 loco
1932 677 2085 728 non
2136 655 2387 728 clauso
2423 651 2783 725 innitatur

355 729 632 831 *ἶν’-ἐ
703 770 820 843 vel
856 768 1220 866 impingat
1253 769 1331 841 in
1359 792 1627 865 corpus
1651 768 1938 858 durum,
1974 769 2107 841 fiet
2141 768 2440 865 quidem
2473 777 2786 839 conatus

698 906 953 956 versus
991 881 1155 954 duri
1191 883 1521 979 corporis
1570 894 1823 979 partes
1862 882 2237 955 internas:
2291 879 2788 954 movebuntur

701 1008 950 1069 autem
1010 1007 1262 1092 partes
1331 994 1616 1092 liquidi,
1677 1007 1984 1092 propter
2061 995 2231 1067 duri
2291 992 2789 1067 resistentiam

702 1110 1040 1198 exclusae,
1092 1108 1566 1206 undiquaque
1627 1109 2028 1183 secundum
2090 1111 2247 1205 ejus
2304 1107 2788 1205 superficiem,

703 1222 946 1319 idque,
1025 1222 1088 1295 si
1172 1222 1388 1295 nixus
1464 1224 2094 1320 perpendicularis
2180 1223 2300 1312 sit,
2386 1221 2790 1317 aequaliter.

705 1335 898 1408 Nam
933 1359 1102 1408 cum
1138 1335 1407 1425 omnia,
1446 1361 1611 1433 quae
1660 1338 1738 1410 in
1773 1361 1996 1410 causa
2040 1348 2236 1424 sunt,
2272 1335 2583 1432 aequalia
2615 1335 2792 1420 sint,

707 1449 930 1522 etiam
965 1449 1269 1522 effectus
1320 1449 1636 1544 aequales
1679 1461 1920 1523 crunt.
2026 1448 2252 1522 Quod
2295 1449 2354 1521 si
2390 1449 2605 1521 nixus
2640 1471 2795 1519 non

707 1561 806 1635 sit
864 1561 1515 1658 perpendiculari8‚
1577 1564 1828 1659 anguli
1903 1561 2324 1635 incidentiae
2399 1560 2799 1657 inaequales

708 1687 951 1765 erunt,
981 1675 1296 1771 ideoque
1341 1678 1694 1773 expansio
1747 1696 2038 1772 quoque
2086 1675 2467 1771 inaequalis
2519 1674 2683 1762 erit,
2721 1685 2803 1745 et

708 1791 944 1886 major
1011 1813 1102 1862 ex
1153 1800 1364 1885 parte
1433 1791 1686 1886 anguli
1746 1789 2068 1885 majoriS,
2142 1800 2539 1885 propterea
2595 1786 2804 1884 quod

711 1903 1064 1977 directior
1099 1914 1214 1976 est
1245 1913 1490 1976 motus
1523 1928 1658 2000 per
1698 1903 2170 1989 directiorem
2204 1902 2496 1975 lineam.

319 2032 507 2109 (ἔξηνε
532 2031 581 2078 in
810 2024 881 2089 6.
938 2016 1016 2089 Si
1078 2039 1346 2111 corpus
1401 2015 1479 2088 in
1541 2039 1810 2112 corpus
1865 2015 2229 2112 impingat
2261 2016 2378 2088 vel
2412 2015 2803 2103 innitatur,

319 2097 644 2226 ῗέιῖῗηέἶᾞω
709 2154 848 2203 nec
882 2129 1123 2225 ipsum
1182 2140 1546 2225 penetret,
1607 2129 1815 2202 dabit
1872 2139 2120 2203 tamen
2171 2128 2389 2224 parti,
2445 2128 2523 2201 in
2578 2152 2806 2224 quam

321 2235 685 2355 ffitifinssff⁸
711 2240 1056 2338 impingit
1115 2240 1232 2312 vel
1312 2240 1680 2329 innititur,
1760 2253 2111 2314 conatum
2197 2239 2590 2314 recedendi
2666 2263 2807 2335 per

321 2355 634 2421 P0¹¹ffi0¹¹¹³fi2
710 2366 1016 2442 rectam,
1054 2376 1217 2448 quae
1248 2352 1346 2426 sit
1378 2354 1789 2449 superficiei
1824 2357 1980 2450 ejus
2013 2354 2091 2428 in
2124 2367 2403 2451 puncto
2439 2355 2809 2449 impactus

323 2438 435 2485 quae
455 2420 646 2469 ducitur

322 2484 688 2563 „dmpgraciem
712 2466 1360 2566 perpendicularis,
1467 2467 1582 2540 Sit
1603 2468 1799 2540 enim
1828 2468 1937 2562 (in
1969 2469 2095 2566 fig.
2144 2467 2212 2562 l)
2242 2491 2507 2565 corpus
2537 2467 2808 2539 durum

321 2567 641 2681 3332&
713 2583 784 2655 A
807 2582 868 2653 B
893 2581 951 2653 C
975 2580 1068 2669 D,
1106 2581 1225 2653 cui
1260 2604 1527 2677 corpus
1561 2581 1764 2654 aliud
1812 2595 2096 2656 motum
2140 2607 2273 2678 per
2321 2593 2601 2655 rectam
2650 2582 2711 2653 E
2737 2582 2806 2652 A

325 2683 475 2746 ⁸³²⁰*
715 2707 1094 2791 utcunque
1131 2694 1560 2767 inclinatam
1593 2696 1712 2768 vel
1747 2719 1897 2768 non
1932 2696 2384 2785 inclinatam,
2437 2695 2808 2791 impingat

715 2809 833 2883 vel
867 2809 1230 2881 innitatur
1283 2807 1361 2880 in
1397 2807 1487 2880 A.
1594 2808 1779 2882 Dico
1845 2833 2112 2905 corpus
2159 2810 2325 2899 hoc,
2366 2810 2470 2881 ita
2519 2820 2807 2882 motum

721 2922 833 2996 vel
867 2921 1192 2994 innitens
1221 2944 1360 2994 nec
1392 2932 1815 3016 penetrans,
1864 2921 2209 2995 daturum
2259 2923 2452 3019 parti
2486 2923 2554 2995 A
2587 2947 2810 2995 cona-

719 3047 880 3108 tum
933 3032 1331 3107 recedendi
1384 3057 1518 3129 per
1551 3045 1832 3107 rectam
1895 3047 2119 3108 rectae
2186 3035 2254 3107 A
2280 3037 2346 3108 D
2413 3034 2807 3132 perpendi-

718 3149 1064 3222 cularem.
1169 3146 1363 3219 Nam
1417 3146 1510 3219 sit
1572 3147 1641 3219 A
1669 3146 1731 3219 B
1786 3147 1925 3242 ipsi
1960 3146 2025 3219 A
2050 3148 2116 3219 D
2154 3148 2808 3244 perpendiculariS,

721 3272 796 3334 et
827 3261 1283 3358 producatur
1317 3260 1378 3331 B
1402 3260 1470 3332 A
1503 3258 1600 3332 ad
1635 3261 1712 3332 F.
1817 3261 2296 3335 Manifestum
2342 3286 2518 3358 ergo
2553 3285 2686 3359 per
2728 3285 2809 3334 se

723 3386 861 3463 est,
899 3375 962 3447 si
1023 3374 1168 3446 AF
1234 3373 1607 3447 coincidat
1665 3397 1834 3447 cum
1889 3375 2061 3464 AE,
2125 3386 2409 3448 motum
2470 3399 2602 3472 per
2655 3375 2808 3447 EA

724 3489 1158 3561 effecturum
1184 3497 1271 3560 ut
1320 3486 1388 3558 A
1439 3497 1751 3560 conetur
1799 3512 1933 3583 per
1959 3489 2027 3561 A
2055 3488 2139 3560 B.
2244 3489 2358 3562 Sit
2416 3513 2595 3585 ergo
2656 3489 2804 3561 EA

724 3602 821 3675 ad
854 3602 922 3674 A
942 3601 1009 3673 D
1071 3600 1418 3695 obliqua;
1474 3612 1550 3673 et
1583 3625 1630 3672 a
1671 3613 1948 3697 puncto
1999 3603 2060 3673 E
2114 3601 2547 3675 demittatur
2603 3613 2809 3675 recta

724 3716 784 3787 E
808 3715 868 3787 C
936 3737 1192 3787 secans
1263 3714 1331 3786 A
1358 3714 1424 3785 D
1479 3712 1575 3787 ad
1629 3716 1941 3811 angulos
2000 3728 2243 3788 rectos
2311 3716 2387 3789 in
2454 3717 2547 3805 D,
2608 3741 2807 3789 com-

724 3828 1210 3925 pleanturque
1261 3827 1691 3923 rectangula
1730 3830 1799 3901 A
1822 3828 1882 3899 B
1912 3829 1971 3901 C
1994 3829 2062 3901 D
2116 3840 2192 3901 et
2225 3829 2290 3901 A
2315 3830 2381 3901 D
2408 3830 2468 3901 E
2492 3830 2568 3903 F.
2672 3830 2809 3902 Os·-

726 3953 1020 4014 tensum
1087 3950 1202 4011 est
1253 3939 1439 4035 (cap.
1480 3959 1657 4013 xvi.
1722 3953 1860 4013 art.
1899 3943 1974 4034 8)
2025 3942 2338 4022 conduci
2391 3943 2665 4016 mobile
2715 3944 2808 4015 ab

728 4055 788 4126 E
824 4052 920 4125 ad
954 4053 1021 4125 A
1056 4077 1102 4125 a
1135 4076 1496 4126 concursu
1556 4052 1868 4126 duorum
1922 4066 2259 4128 motuum
2311 4057 2810 4145 uniformium,

731 4189 1045 4261 quorum
1078 4166 1267 4239 alter
1319 4178 1432 4239 est
1483 4191 1620 4262 per
1671 4169 1732 4240 E
1754 4168 1813 4239 F
1862 4180 1940 4241 et
1972 4169 2113 4265 ipsi
2162 4169 2566 4266 parallelaS,
2624 4172 2812 4244 alter

731 4302 863 4375 per
909 4280 969 4351 E
992 4279 1060 4351 D
1096 4290 1171 4352 et
1205 4280 1587 4376 parallelas
1624 4283 1802 4378 ejus,
1909 4282 2163 4356 Motus
2216 4296 2464 4357 autem
2507 4308 2641 4380 per
2667 4286 2726 4356 E
2755 4285 2816 4356 F

733 4404 811 4465 et
841 4392 1225 4488 parallelas
1261 4393 1439 4488 ejuS,
1477 4418 1789 4491 quarum
1822 4419 1972 4469 una
2006 4409 2120 4469 est
2161 4397 2229 4469 D
2252 4398 2340 4486 A,
2401 4397 2582 4471 nihil
2635 4421 2813 4472 con-
