<?xml version="1.0" encoding="UTF-8"?>
<!DOCTYPE html PUBLIC "-//W3C//DTD XHTML 1.0 Transitional//EN"
    "http://www.w3.org/TR/xhtml1/DTD/xhtml1-transitional.dtd">
<html xmlns="http://www.w3.org/1999/xhtml" xml:lang="en" lang="en">
 <head>
  <title>
</title>
<meta http-equiv="Content-Type" content="text/html;charset=utf-8" />
  <meta name='ocr-system' content='tesseract 3.04.00' />
  <meta name='ocr-capabilities' content='ocr_page ocr_carea ocr_par ocr_line ocrx_word'/>
</head>
<body>
  <div class='ocr_page' id='page_1' title='image "./thomhobbesmalme03molegoog_0397.png"; bbox 0 0 3182 5102; ppageno 0'>
   <div class='ocr_carea' id='block_1_1' title="bbox 770 449 2470 530">
    <p class='ocr_par' dir='ltr' id='par_1_1' title="bbox 770 449 2470 530">
     <span class='ocr_line' id='line_1_1' title="bbox 770 449 2470 530; baseline 0.001 -18"><span class='ocrx_word' id='word_1_1' title='bbox 770 462 875 513; x_wconf 75' lang='lat' dir='ltr'>nn</span> <span class='ocrx_word' id='word_1_2' title='bbox 915 462 1282 514; x_wconf 84' lang='lat' dir='ltr'>ANGULIS</span> <span class='ocrx_word' id='word_1_3' title='bbox 1325 462 1875 530; x_wconf 79' lang='lat' dir='ltr'>INCIDENTIAE,</span> <span class='ocrx_word' id='word_1_4' title='bbox 1917 462 2092 513; x_wconf 77' lang='lat' dir='ltr'>ETc.</span> <span class='ocrx_word' id='word_1_5' title='bbox 2325 449 2470 514; x_wconf 87' lang='grc'>239</span> 
     </span>
    </p>
   </div>
   <div class='ocr_carea' id='block_1_2' title="bbox 391 632 2815 752">
    <p class='ocr_par' dir='ltr' id='par_1_2' title="bbox 391 632 2815 752">
     <span class='ocr_line' id='line_1_2' title="bbox 391 632 2815 752; baseline -0.001 -47"><span class='ocrx_word' id='word_1_6' title='bbox 391 634 452 706; x_wconf 92' lang='grc' dir='ltr'>Ο</span> <span class='ocrx_word' id='word_1_7' title='bbox 490 633 601 706; x_wconf 89' lang='lat' dir='ltr'>ita</span> <span class='ocrx_word' id='word_1_8' title='bbox 633 632 906 708; x_wconf 88' lang='lat' dir='ltr'>ducere</span> <span class='ocrx_word' id='word_1_9' title='bbox 939 659 986 709; x_wconf 89' lang='lat' dir='ltr'>a</span> <span class='ocrx_word' id='word_1_10' title='bbox 1015 636 1315 734; x_wconf 88' lang='lat' dir='ltr'>punctis</span> <span class='ocrx_word' id='word_1_11' title='bbox 1349 648 1561 710; x_wconf 82' lang='lat' dir='ltr'>extra</span> <span class='ocrx_word' id='word_1_12' title='bbox 1596 636 1954 710; x_wconf 90' lang='lat' dir='ltr'>circulum</span> <span class='ocrx_word' id='word_1_13' title='bbox 1987 633 2322 730; x_wconf 78' lang='lat' dir='ltr'>sumptiS,</span> <span class='ocrx_word' id='word_1_14' title='bbox 2385 645 2469 706; x_wconf 92' lang='lat' dir='ltr'>ut</span> <span class='ocrx_word' id='word_1_15' title='bbox 2525 637 2704 752; x_wconf 55' lang='grc' dir='ltr'>ΡΔῙῙὶὲ</span> <span class='ocrx_word' id='word_1_16' title='bbox 2716 636 2815 687; x_wconf 85' lang='lat'>111·</span> 
     </span>
    </p>
   </div>
   <div class='ocr_carea' id='block_1_3' title="bbox 390 748 2899 956">
    <p class='ocr_par' dir='ltr' id='par_1_3' title="bbox 390 748 2899 956">
     <span class='ocr_line' id='line_1_3' title="bbox 390 748 2829 847; baseline 0.002 -29"><span class='ocrx_word' id='word_1_17' title='bbox 390 769 651 819; x_wconf 83' lang='lat' dir='ltr'>earum</span> <span class='ocrx_word' id='word_1_18' title='bbox 683 748 975 822; x_wconf 87' lang='lat' dir='ltr'>reflexae</span> <span class='ocrx_word' id='word_1_19' title='bbox 1008 751 1247 846; x_wconf 88' lang='lat' dir='ltr'>primo</span> <span class='ocrx_word' id='word_1_20' title='bbox 1284 751 1436 823; x_wconf 91' lang='lat' dir='ltr'>sint</span> <span class='ocrx_word' id='word_1_21' title='bbox 1461 749 1854 847; x_wconf 86' lang='lat' dir='ltr'>parallelae.</span> <span class='ocrx_word' id='word_1_22' title='bbox 2543 773 2829 809; x_wconf 42' lang='lat' dir='ltr'>*ur—2</span> 
     </span>
     <span class='ocr_line' id='line_1_4' title="bbox 490 840 2899 956; baseline 0 -23"><span class='ocrx_word' id='word_1_23' title='bbox 490 860 876 934; x_wconf 85' lang='lat' dir='ltr'>Ducantur</span> <span class='ocrx_word' id='word_1_24' title='bbox 909 863 971 935; x_wconf 88' lang='lat' dir='ltr'>A</span> <span class='ocrx_word' id='word_1_25' title='bbox 1000 863 1086 954; x_wconf 90' lang='grc' dir='ltr'>Β,</span> <span class='ocrx_word' id='word_1_26' title='bbox 1138 863 1204 936; x_wconf 96' lang='grc' dir='ltr'><strong>Α</strong></span> <span class='ocrx_word' id='word_1_27' title='bbox 1231 863 1315 954; x_wconf 87' lang='grc' dir='ltr'>Ο,</span> <span class='ocrx_word' id='word_1_28' title='bbox 1369 875 1446 937; x_wconf 91' lang='lat' dir='ltr'>et</span> <span class='ocrx_word' id='word_1_29' title='bbox 1478 862 1813 936; x_wconf 90' lang='lat' dir='ltr'>incidens</span> <span class='ocrx_word' id='word_1_30' title='bbox 1847 873 2227 956; x_wconf 89' lang='lat' dir='ltr'>utcunque</span> <span class='ocrx_word' id='word_1_31' title='bbox 2279 860 2346 933; x_wconf 93' lang='lat' dir='ltr'>D</span> <span class='ocrx_word' id='word_1_32' title='bbox 2378 859 2466 950; x_wconf 87' lang='lat' dir='ltr'>C,</span> <span class='ocrx_word' id='word_1_33' title='bbox 2494 840 2899 956; x_wconf 53' lang='lat' dir='ltr'>sssscffissessffl</span> 
     </span>
    </p>
   </div>
   <div class='ocr_carea' id='block_1_4' title="bbox 389 973 2816 1749">
    <p class='ocr_par' dir='ltr' id='par_1_4' title="bbox 389 973 2816 1749">
     <span class='ocr_line' id='line_1_5' title="bbox 389 973 2816 1071; baseline 0 -25"><span class='ocrx_word' id='word_1_34' title='bbox 389 974 598 1070; x_wconf 87' lang='lat' dir='ltr'>cujus</span> <span class='ocrx_word' id='word_1_35' title='bbox 654 975 928 1050; x_wconf 83' lang='lat' dir='ltr'>reflexa</span> <span class='ocrx_word' id='word_1_36' title='bbox 988 977 1087 1049; x_wconf 90' lang='lat' dir='ltr'>sit</span> <span class='ocrx_word' id='word_1_37' title='bbox 1136 977 1196 1050; x_wconf 93' lang='grc' dir='ltr'>Ο</span> <span class='ocrx_word' id='word_1_38' title='bbox 1229 978 1309 1051; x_wconf 90' lang='lat' dir='ltr'>F.</span> <span class='ocrx_word' id='word_1_39' title='bbox 1410 977 1602 1049; x_wconf 82' lang='lat' dir='ltr'>Tum</span> <span class='ocrx_word' id='word_1_40' title='bbox 1654 977 1790 1049; x_wconf 90' lang='lat' dir='ltr'>fiat</span> <span class='ocrx_word' id='word_1_41' title='bbox 1848 975 2164 1071; x_wconf 88' lang='lat' dir='ltr'>angulus</span> <span class='ocrx_word' id='word_1_42' title='bbox 2221 974 2281 1045; x_wconf 93' lang='lat' dir='ltr'><strong>E</strong></span> <span class='ocrx_word' id='word_1_43' title='bbox 2312 974 2372 1047; x_wconf 94' lang='grc' dir='ltr'>Ο</span> <span class='ocrx_word' id='word_1_44' title='bbox 2400 975 2469 1047; x_wconf 94' lang='lat' dir='ltr'>D</span> <span class='ocrx_word' id='word_1_45' title='bbox 2495 973 2700 1033; x_wconf 54' lang='grc' dir='ltr'>(ΝΟΜ</span> <span class='ocrx_word' id='word_1_46' title='bbox 2726 980 2816 1022; x_wconf 63' lang='lat'>“⁰-</span> 
     </span>
     <span class='ocr_line' id='line_1_6' title="bbox 389 1085 2471 1185; baseline 0 -26"><span class='ocrx_word' id='word_1_47' title='bbox 389 1085 656 1183; x_wconf 90' lang='lat' dir='ltr'>duplus</span> <span class='ocrx_word' id='word_1_48' title='bbox 691 1088 943 1185; x_wconf 89' lang='lat' dir='ltr'>anguli</span> <span class='ocrx_word' id='word_1_49' title='bbox 978 1090 1069 1164; x_wconf 88' lang='lat' dir='ltr'>A.</span> <span class='ocrx_word' id='word_1_50' title='bbox 1136 1089 1526 1180; x_wconf 25' lang='lat' dir='ltr'>‘Parallela</span> <span class='ocrx_word' id='word_1_51' title='bbox 1559 1098 1810 1162; x_wconf 88' lang='lat' dir='ltr'>autem</span> <span class='ocrx_word' id='word_1_52' title='bbox 1852 1098 2078 1162; x_wconf 84' lang='lat' dir='ltr'>rectae</span> <span class='ocrx_word' id='word_1_53' title='bbox 2130 1088 2191 1160; x_wconf 92' lang='lat' dir='ltr'><strong>E</strong></span> <span class='ocrx_word' id='word_1_54' title='bbox 2224 1087 2283 1160; x_wconf 95' lang='grc' dir='ltr'>Ο</span> <span class='ocrx_word' id='word_1_55' title='bbox 2336 1086 2471 1160; x_wconf 88' lang='lat' dir='ltr'>du-</span> 
     </span>
     <span class='ocr_line' id='line_1_7' title="bbox 392 1199 2472 1299; baseline 0 -27"><span class='ocrx_word' id='word_1_56' title='bbox 392 1212 606 1272; x_wconf 87' lang='lat' dir='ltr'>catur</span> <span class='ocrx_word' id='word_1_57' title='bbox 639 1201 713 1273; x_wconf 93' lang='lat' dir='ltr'>H</span> <span class='ocrx_word' id='word_1_58' title='bbox 739 1201 827 1291; x_wconf 88' lang='grc' dir='ltr'>Β,</span> <span class='ocrx_word' id='word_1_59' title='bbox 864 1225 1029 1298; x_wconf 83' lang='lat' dir='ltr'>quae</span> <span class='ocrx_word' id='word_1_60' title='bbox 1063 1202 1519 1299; x_wconf 78' lang='lat' dir='ltr'>producatur</span> <span class='ocrx_word' id='word_1_61' title='bbox 1553 1200 1652 1275; x_wconf 90' lang='lat' dir='ltr'>ad</span> <span class='ocrx_word' id='word_1_62' title='bbox 1685 1225 2077 1275; x_wconf 88' lang='lat' dir='ltr'>occursum</span> <span class='ocrx_word' id='word_1_63' title='bbox 2111 1200 2178 1273; x_wconf 93' lang='lat' dir='ltr'>D</span> <span class='ocrx_word' id='word_1_64' title='bbox 2206 1199 2266 1272; x_wconf 95' lang='grc' dir='ltr'>Ο</span> <span class='ocrx_word' id='word_1_65' title='bbox 2296 1223 2472 1298; x_wconf 87' lang='lat' dir='ltr'>pro-</span> 
     </span>
     <span class='ocr_line' id='line_1_8' title="bbox 391 1312 2472 1411; baseline 0 -26"><span class='ocrx_word' id='word_1_66' title='bbox 391 1312 634 1386; x_wconf 87' lang='lat' dir='ltr'>ductae</span> <span class='ocrx_word' id='word_1_67' title='bbox 668 1312 747 1387; x_wconf 89' lang='lat' dir='ltr'>in</span> <span class='ocrx_word' id='word_1_68' title='bbox 783 1314 841 1387; x_wconf 93' lang='grc' dir='ltr'>Ι.</span> <span class='ocrx_word' id='word_1_69' title='bbox 946 1316 1328 1389; x_wconf 86' lang='lat' dir='ltr'>Postremo</span> <span class='ocrx_word' id='word_1_70' title='bbox 1354 1313 1724 1411; x_wconf 87' lang='lat' dir='ltr'>producta</span> <span class='ocrx_word' id='word_1_71' title='bbox 1772 1312 1838 1388; x_wconf 90' lang='lat' dir='ltr'>A</span> <span class='ocrx_word' id='word_1_72' title='bbox 1868 1313 1932 1386; x_wconf 97' lang='grc' dir='ltr'>Β</span> <span class='ocrx_word' id='word_1_73' title='bbox 1966 1324 2346 1409; x_wconf 90' lang='lat' dir='ltr'>utcunque</span> <span class='ocrx_word' id='word_1_74' title='bbox 2392 1313 2472 1386; x_wconf 91' lang='lat' dir='ltr'>in</span> 
     </span>
     <span class='ocr_line' id='line_1_9' title="bbox 393 1425 2473 1523; baseline 0 -26"><span class='ocrx_word' id='word_1_75' title='bbox 393 1426 487 1515; x_wconf 90' lang='lat' dir='ltr'>K,</span> <span class='ocrx_word' id='word_1_76' title='bbox 549 1426 863 1499; x_wconf 84' lang='lat' dir='ltr'>ducatur</span> <span class='ocrx_word' id='word_1_77' title='bbox 897 1426 963 1499; x_wconf 87' lang='lat' dir='ltr'>G</span> <span class='ocrx_word' id='word_1_78' title='bbox 995 1428 1084 1518; x_wconf 88' lang='grc' dir='ltr'>Β,</span> <span class='ocrx_word' id='word_1_79' title='bbox 1136 1427 1246 1500; x_wconf 92' lang='lat' dir='ltr'>ita</span> <span class='ocrx_word' id='word_1_80' title='bbox 1276 1438 1363 1500; x_wconf 98' lang='lat' dir='ltr'>ut</span> <span class='ocrx_word' id='word_1_81' title='bbox 1396 1426 1712 1523; x_wconf 88' lang='lat' dir='ltr'>angulus</span> <span class='ocrx_word' id='word_1_82' title='bbox 1747 1425 1813 1499; x_wconf 89' lang='lat' dir='ltr'><strong>G</strong></span> <span class='ocrx_word' id='word_1_83' title='bbox 1839 1427 1903 1499; x_wconf 92' lang='grc' dir='ltr'>Β</span> <span class='ocrx_word' id='word_1_84' title='bbox 1925 1427 1994 1498; x_wconf 92' lang='lat' dir='ltr'><strong>K</strong></span> <span class='ocrx_word' id='word_1_85' title='bbox 2029 1425 2335 1522; x_wconf 82' lang='lat' dir='ltr'>aequalis</span> <span class='ocrx_word' id='word_1_86' title='bbox 2372 1425 2473 1498; x_wconf 90' lang='lat' dir='ltr'>sit</span> 
     </span>
     <span class='ocr_line' id='line_1_10' title="bbox 393 1537 2469 1637; baseline -0 -26"><span class='ocrx_word' id='word_1_87' title='bbox 393 1538 666 1635; x_wconf 89' lang='lat' dir='ltr'>angulo</span> <span class='ocrx_word' id='word_1_88' title='bbox 726 1539 801 1611; x_wconf 94' lang='lat' dir='ltr'>H</span> <span class='ocrx_word' id='word_1_89' title='bbox 828 1539 889 1611; x_wconf 94' lang='lat' dir='ltr'><strong>B</strong></span> <span class='ocrx_word' id='word_1_90' title='bbox 914 1540 1009 1631; x_wconf 90' lang='lat' dir='ltr'>K,</span> <span class='ocrx_word' id='word_1_91' title='bbox 1047 1540 1336 1637; x_wconf 88' lang='lat' dir='ltr'>eritque</span> <span class='ocrx_word' id='word_1_92' title='bbox 1371 1539 1436 1612; x_wconf 82' lang='lat' dir='ltr'>G</span> <span class='ocrx_word' id='word_1_93' title='bbox 1461 1539 1525 1612; x_wconf 97' lang='grc' dir='ltr'>Β</span> <span class='ocrx_word' id='word_1_94' title='bbox 1558 1539 1833 1613; x_wconf 84' lang='lat' dir='ltr'>reflexa</span> <span class='ocrx_word' id='word_1_95' title='bbox 1851 1537 2248 1612; x_wconf 89' lang='lat' dir='ltr'>incidentis</span> <span class='ocrx_word' id='word_1_96' title='bbox 2297 1537 2469 1610; x_wconf 90' lang='grc' dir='ltr'>ΗΒ.</span> 
     </span>
     <span class='ocr_line' id='line_1_11' title="bbox 390 1651 2470 1749; baseline 0 -24"><span class='ocrx_word' id='word_1_97' title='bbox 390 1653 576 1726; x_wconf 87' lang='lat' dir='ltr'>Dico</span> <span class='ocrx_word' id='word_1_98' title='bbox 605 1654 761 1749; x_wconf 87' lang='lat' dir='ltr'>jam</span> <span class='ocrx_word' id='word_1_99' title='bbox 783 1652 850 1725; x_wconf 93' lang='lat' dir='ltr'>D</span> <span class='ocrx_word' id='word_1_100' title='bbox 876 1654 959 1741; x_wconf 89' lang='lat' dir='ltr'>C,</span> <span class='ocrx_word' id='word_1_101' title='bbox 990 1655 1064 1727; x_wconf 93' lang='lat' dir='ltr'>H</span> <span class='ocrx_word' id='word_1_102' title='bbox 1090 1654 1151 1726; x_wconf 95' lang='lat' dir='ltr'><strong>B</strong></span> <span class='ocrx_word' id='word_1_103' title='bbox 1182 1676 1341 1726; x_wconf 89' lang='lat' dir='ltr'>esse</span> <span class='ocrx_word' id='word_1_104' title='bbox 1368 1651 1805 1741; x_wconf 84' lang='lat' dir='ltr'><strong>incidentes,</strong></span> <span class='ocrx_word' id='word_1_105' title='bbox 1836 1676 2149 1749; x_wconf 86' lang='lat' dir='ltr'>quarum</span> <span class='ocrx_word' id='word_1_106' title='bbox 2176 1652 2470 1726; x_wconf 83' lang='lat' dir='ltr'>reflexae</span> 
     </span>
    </p>
   </div>
   <div class='ocr_carea' id='block_1_5' title="bbox 392 1765 2472 1976">
    <p class='ocr_par' dir='ltr' id='par_1_5' title="bbox 392 1765 2472 1976">
     <span class='ocr_line' id='line_1_12' title="bbox 392 1765 1721 1862; baseline 0 -24"><span class='ocrx_word' id='word_1_107' title='bbox 392 1766 453 1838; x_wconf 93' lang='grc' dir='ltr'>Ο</span> <span class='ocrx_word' id='word_1_108' title='bbox 479 1766 559 1856; x_wconf 86' lang='lat' dir='ltr'>F,</span> <span class='ocrx_word' id='word_1_109' title='bbox 597 1766 658 1838; x_wconf 94' lang='lat' dir='ltr'><strong>B</strong></span> <span class='ocrx_word' id='word_1_110' title='bbox 683 1766 748 1840; x_wconf 90' lang='lat' dir='ltr'>G</span> <span class='ocrx_word' id='word_1_111' title='bbox 781 1779 951 1840; x_wconf 88' lang='lat' dir='ltr'>sunt</span> <span class='ocrx_word' id='word_1_112' title='bbox 986 1768 1183 1841; x_wconf 89' lang='lat' dir='ltr'>inter</span> <span class='ocrx_word' id='word_1_113' title='bbox 1217 1791 1295 1841; x_wconf 93' lang='lat' dir='ltr'>se</span> <span class='ocrx_word' id='word_1_114' title='bbox 1329 1765 1721 1862; x_wconf 87' lang='lat' dir='ltr'>parallelae.</span> 
     </span>
     <span class='ocr_line' id='line_1_13' title="bbox 493 1878 2472 1976; baseline -0.001 -23"><span class='ocrx_word' id='word_1_115' title='bbox 493 1879 866 1954; x_wconf 78' lang='lat' dir='ltr'><strong>Quoniam</strong></span> <span class='ocrx_word' id='word_1_116' title='bbox 899 1880 1097 1954; x_wconf 90' lang='lat' dir='ltr'>enim</span> <span class='ocrx_word' id='word_1_117' title='bbox 1132 1881 1192 1952; x_wconf 93' lang='lat' dir='ltr'><strong>E</strong></span> <span class='ocrx_word' id='word_1_118' title='bbox 1223 1879 1282 1953; x_wconf 99' lang='grc' dir='ltr'>Ο</span> <span class='ocrx_word' id='word_1_119' title='bbox 1307 1880 1376 1952; x_wconf 94' lang='lat' dir='ltr'>D</span> <span class='ocrx_word' id='word_1_120' title='bbox 1414 1879 1730 1976; x_wconf 88' lang='lat' dir='ltr'>angulus</span> <span class='ocrx_word' id='word_1_121' title='bbox 1765 1879 2020 1975; x_wconf 83' lang='lat' dir='ltr'>anguli</span> <span class='ocrx_word' id='word_1_122' title='bbox 2070 1878 2134 1952; x_wconf 92' lang='lat' dir='ltr'>B</span> <span class='ocrx_word' id='word_1_123' title='bbox 2154 1879 2223 1951; x_wconf 93' lang='lat' dir='ltr'>A</span> <span class='ocrx_word' id='word_1_124' title='bbox 2244 1878 2303 1952; x_wconf 98' lang='grc' dir='ltr'>Ο</span> <span class='ocrx_word' id='word_1_125' title='bbox 2357 1890 2472 1951; x_wconf 85' lang='lat' dir='ltr'>est</span> 
     </span>
    </p>
   </div>
   <div class='ocr_carea' id='block_1_6' title="bbox 389 1991 2471 2767">
    <p class='ocr_par' dir='ltr' id='par_1_6' title="bbox 389 1991 2471 2541">
     <span class='ocr_line' id='line_1_14' title="bbox 393 1991 2466 2090; baseline 0 -26"><span class='ocrx_word' id='word_1_126' title='bbox 393 1991 683 2089; x_wconf 77' lang='lat' dir='ltr'>duplu8‚</span> <span class='ocrx_word' id='word_1_127' title='bbox 752 1995 1067 2090; x_wconf 85' lang='lat' dir='ltr'>angulus</span> <span class='ocrx_word' id='word_1_128' title='bbox 1145 1994 1279 2067; x_wconf 95' lang='lat' dir='ltr'>HI</span> <span class='ocrx_word' id='word_1_129' title='bbox 1305 1994 1366 2066; x_wconf 92' lang='grc' dir='ltr'>Ο</span> <span class='ocrx_word' id='word_1_130' title='bbox 1447 1991 1780 2090; x_wconf 85' lang='lat' dir='ltr'>ejusdem</span> <span class='ocrx_word' id='word_1_131' title='bbox 1855 1991 2110 2089; x_wconf 84' lang='lat' dir='ltr'>anguli</span> <span class='ocrx_word' id='word_1_132' title='bbox 2195 1993 2256 2065; x_wconf 95' lang='lat' dir='ltr'><strong>B</strong></span> <span class='ocrx_word' id='word_1_133' title='bbox 2279 1992 2348 2064; x_wconf 89' lang='lat' dir='ltr'>A</span> <span class='ocrx_word' id='word_1_134' title='bbox 2378 1992 2466 2083; x_wconf 89' lang='lat' dir='ltr'>C,</span> 
     </span>
     <span class='ocr_line' id='line_1_15' title="bbox 391 2106 2470 2203; baseline 0 -25"><span class='ocrx_word' id='word_1_135' title='bbox 391 2118 700 2203; x_wconf 88' lang='lat' dir='ltr'>propter</span> <span class='ocrx_word' id='word_1_136' title='bbox 756 2107 1144 2203; x_wconf 88' lang='lat' dir='ltr'>parallelas</span> <span class='ocrx_word' id='word_1_137' title='bbox 1193 2109 1256 2181; x_wconf 92' lang='lat' dir='ltr'><strong>E</strong></span> <span class='ocrx_word' id='word_1_138' title='bbox 1278 2108 1362 2198; x_wconf 85' lang='lat' dir='ltr'>C,</span> <span class='ocrx_word' id='word_1_139' title='bbox 1427 2108 1502 2180; x_wconf 94' lang='lat' dir='ltr'>H</span> <span class='ocrx_word' id='word_1_140' title='bbox 1533 2108 1619 2198; x_wconf 92' lang='grc' dir='ltr'>Β,</span> <span class='ocrx_word' id='word_1_141' title='bbox 1677 2106 1947 2203; x_wconf 86' lang='lat' dir='ltr'>duplus</span> <span class='ocrx_word' id='word_1_142' title='bbox 2002 2106 2186 2190; x_wconf 87' lang='lat' dir='ltr'>erit;</span> <span class='ocrx_word' id='word_1_143' title='bbox 2240 2129 2470 2202; x_wconf 90' lang='lat' dir='ltr'>quare</span> 
     </span>
     <span class='ocr_line' id='line_1_16' title="bbox 394 2219 2471 2310; baseline 0 -18"><span class='ocrx_word' id='word_1_144' title='bbox 394 2220 450 2292; x_wconf 90' lang='lat' dir='ltr'><strong>F</strong></span> <span class='ocrx_word' id='word_1_145' title='bbox 472 2219 561 2309; x_wconf 90' lang='lat' dir='ltr'>C,</span> <span class='ocrx_word' id='word_1_146' title='bbox 632 2220 697 2295; x_wconf 89' lang='lat' dir='ltr'>G</span> <span class='ocrx_word' id='word_1_147' title='bbox 725 2221 812 2308; x_wconf 88' lang='lat' dir='ltr'>B,</span> <span class='ocrx_word' id='word_1_148' title='bbox 876 2223 1171 2296; x_wconf 65' lang='lat' dir='ltr'>reflexae</span> <span class='ocrx_word' id='word_1_149' title='bbox 1237 2221 1727 2296; x_wconf 85' lang='lat' dir='ltr'>incidentium</span> <span class='ocrx_word' id='word_1_150' title='bbox 1794 2222 1863 2294; x_wconf 95' lang='lat' dir='ltr'>D</span> <span class='ocrx_word' id='word_1_151' title='bbox 1892 2221 1975 2310; x_wconf 84' lang='lat' dir='ltr'>C,</span> <span class='ocrx_word' id='word_1_152' title='bbox 2041 2221 2113 2293; x_wconf 93' lang='lat' dir='ltr'>H</span> <span class='ocrx_word' id='word_1_153' title='bbox 2141 2220 2226 2310; x_wconf 90' lang='lat' dir='ltr'>B,</span> <span class='ocrx_word' id='word_1_154' title='bbox 2296 2232 2471 2294; x_wconf 90' lang='lat' dir='ltr'>sunt</span> 
     </span>
     <span class='ocr_line' id='line_1_17' title="bbox 390 2333 2470 2433; baseline 0 -27"><span class='ocrx_word' id='word_1_155' title='bbox 390 2333 777 2429; x_wconf 86' lang='lat' dir='ltr'>parallelae.</span> <span class='ocrx_word' id='word_1_156' title='bbox 881 2336 1190 2409; x_wconf 88' lang='lat' dir='ltr'>Factum</span> <span class='ocrx_word' id='word_1_157' title='bbox 1214 2336 1445 2433; x_wconf 87' lang='lat' dir='ltr'>igitur</span> <span class='ocrx_word' id='word_1_158' title='bbox 1469 2350 1586 2412; x_wconf 83' lang='lat' dir='ltr'>est</span> <span class='ocrx_word' id='word_1_159' title='bbox 1611 2334 1814 2432; x_wconf 91' lang='lat' dir='ltr'>quod</span> <span class='ocrx_word' id='word_1_160' title='bbox 1839 2348 2000 2408; x_wconf 90' lang='lat' dir='ltr'>erat</span> <span class='ocrx_word' id='word_1_161' title='bbox 2026 2333 2470 2431; x_wconf 89' lang='lat' dir='ltr'>imperatum</span> 
     </span>
     <span class='ocr_line' id='line_1_18' title="bbox 389 2470 729 2541; baseline 0.006 -22"><span class='ocrx_word' id='word_1_162' title='bbox 389 2470 729 2541; x_wconf 77' lang='lat' dir='ltr'>prlmum.</span> 
     </span>
    </p>

    <p class='ocr_par' dir='ltr' id='par_1_7' title="bbox 393 2560 2471 2767">
     <span class='ocr_line' id='line_1_19' title="bbox 491 2560 2471 2660; baseline 0 -26"><span class='ocrx_word' id='word_1_163' title='bbox 491 2561 858 2651; x_wconf 87' lang='lat' dir='ltr'>Secundo,</span> <span class='ocrx_word' id='word_1_164' title='bbox 886 2562 1330 2660; x_wconf 90' lang='lat' dir='ltr'>imperatum</span> <span class='ocrx_word' id='word_1_165' title='bbox 1358 2563 1457 2637; x_wconf 91' lang='lat' dir='ltr'>sit</span> <span class='ocrx_word' id='word_1_166' title='bbox 1480 2562 1664 2636; x_wconf 82' lang='lat' dir='ltr'>duas</span> <span class='ocrx_word' id='word_1_167' title='bbox 1683 2573 1925 2635; x_wconf 87' lang='lat' dir='ltr'>rectas</span> <span class='ocrx_word' id='word_1_168' title='bbox 1946 2560 2056 2635; x_wconf 92' lang='lat' dir='ltr'>ita</span> <span class='ocrx_word' id='word_1_169' title='bbox 2074 2560 2172 2633; x_wconf 92' lang='lat' dir='ltr'>ad</span> <span class='ocrx_word' id='word_1_170' title='bbox 2188 2571 2471 2656; x_wconf 88' lang='lat' dir='ltr'>puncta</span> 
     </span>
     <span class='ocr_line' id='line_1_20' title="bbox 393 2672 2467 2767; baseline 0 -21"><span class='ocrx_word' id='word_1_171' title='bbox 393 2672 453 2745; x_wconf 93' lang='lat' dir='ltr'>B</span> <span class='ocrx_word' id='word_1_172' title='bbox 490 2686 567 2747; x_wconf 91' lang='lat' dir='ltr'>et</span> <span class='ocrx_word' id='word_1_173' title='bbox 603 2674 663 2747; x_wconf 96' lang='grc' dir='ltr'>Ο</span> <span class='ocrx_word' id='word_1_174' title='bbox 696 2674 1108 2749; x_wconf 84' lang='lat' dir='ltr'>incidentes</span> <span class='ocrx_word' id='word_1_175' title='bbox 1144 2676 1437 2767; x_wconf 88' lang='lat' dir='ltr'>ducere,</span> <span class='ocrx_word' id='word_1_176' title='bbox 1493 2688 1582 2749; x_wconf 91' lang='lat' dir='ltr'>ut</span> <span class='ocrx_word' id='word_1_177' title='bbox 1634 2675 1930 2749; x_wconf 84' lang='lat' dir='ltr'>reflexae</span> <span class='ocrx_word' id='word_1_178' title='bbox 1986 2697 2238 2747; x_wconf 88' lang='lat' dir='ltr'>earum</span> <span class='ocrx_word' id='word_1_179' title='bbox 2291 2699 2467 2748; x_wconf 92' lang='lat' dir='ltr'>con-</span> 
     </span>
    </p>
   </div>
   <div class='ocr_carea' id='block_1_7' title="bbox 389 2785 2472 4466">
    <p class='ocr_par' dir='ltr' id='par_1_8' title="bbox 389 2785 2472 4466">
     <span class='ocr_line' id='line_1_21' title="bbox 391 2785 2472 2885; baseline 0.001 -26"><span class='ocrx_word' id='word_1_180' title='bbox 391 2785 680 2861; x_wconf 89' lang='lat' dir='ltr'>tineant</span> <span class='ocrx_word' id='word_1_181' title='bbox 714 2788 970 2861; x_wconf 87' lang='lat' dir='ltr'>datum</span> <span class='ocrx_word' id='word_1_182' title='bbox 997 2789 1350 2885; x_wconf 82' lang='lat' dir='ltr'>angulum</span> <span class='ocrx_word' id='word_1_183' title='bbox 1376 2789 1458 2863; x_wconf 89' lang='lat' dir='ltr'>Z.</span> <span class='ocrx_word' id='word_1_184' title='bbox 1561 2789 1862 2885; x_wconf 84' lang='lat' dir='ltr'>Aug-ulo</span> <span class='ocrx_word' id='word_1_185' title='bbox 1892 2788 1953 2860; x_wconf 93' lang='lat' dir='ltr'><strong>E</strong></span> <span class='ocrx_word' id='word_1_186' title='bbox 1982 2788 2041 2861; x_wconf 94' lang='grc' dir='ltr'>Ο</span> <span class='ocrx_word' id='word_1_187' title='bbox 2060 2789 2129 2861; x_wconf 94' lang='lat' dir='ltr'>D</span> <span class='ocrx_word' id='word_1_188' title='bbox 2155 2787 2472 2861; x_wconf 78' lang='lat' dir='ltr'>addatur</span> 
     </span>
     <span class='ocr_line' id='line_1_22' title="bbox 389 2900 2471 2998; baseline 0 -25"><span class='ocrx_word' id='word_1_189' title='bbox 389 2900 561 2974; x_wconf 90' lang='lat' dir='ltr'>hinc</span> <span class='ocrx_word' id='word_1_190' title='bbox 597 2901 664 2974; x_wconf 99' lang='lat' dir='ltr'>D</span> <span class='ocrx_word' id='word_1_191' title='bbox 693 2900 752 2974; x_wconf 99' lang='grc' dir='ltr'>Ο</span> <span class='ocrx_word' id='word_1_192' title='bbox 773 2901 834 2974; x_wconf 97' lang='lat' dir='ltr'>L</span> <span class='ocrx_word' id='word_1_193' title='bbox 868 2902 1170 2998; x_wconf 86' lang='lat' dir='ltr'>aequalis</span> <span class='ocrx_word' id='word_1_194' title='bbox 1206 2902 1491 2976; x_wconf 89' lang='lat' dir='ltr'>semissi</span> <span class='ocrx_word' id='word_1_195' title='bbox 1525 2902 1782 2998; x_wconf 81' lang='lat' dir='ltr'>anguli</span> <span class='ocrx_word' id='word_1_196' title='bbox 1816 2901 1897 2992; x_wconf 90' lang='lat' dir='ltr'>Z,</span> <span class='ocrx_word' id='word_1_197' title='bbox 1933 2901 2137 2974; x_wconf 90' lang='lat' dir='ltr'>illinc</span> <span class='ocrx_word' id='word_1_198' title='bbox 2158 2900 2471 2997; x_wconf 87' lang='lat' dir='ltr'>angulus</span> 
     </span>
     <span class='ocr_line' id='line_1_23' title="bbox 390 3013 2472 3111; baseline 0.001 -26"><span class='ocrx_word' id='word_1_199' title='bbox 390 3013 450 3085; x_wconf 91' lang='lat' dir='ltr'><strong>E</strong></span> <span class='ocrx_word' id='word_1_200' title='bbox 480 3013 540 3086; x_wconf 96' lang='grc' dir='ltr'>Ο</span> <span class='ocrx_word' id='word_1_201' title='bbox 565 3015 647 3086; x_wconf 93' lang='grc' dir='ltr'><strong>Μ</strong></span> <span class='ocrx_word' id='word_1_202' title='bbox 675 3014 976 3110; x_wconf 87' lang='lat' dir='ltr'>aequalis</span> <span class='ocrx_word' id='word_1_203' title='bbox 998 3016 1272 3111; x_wconf 88' lang='lat' dir='ltr'>angulo</span> <span class='ocrx_word' id='word_1_204' title='bbox 1296 3016 1363 3089; x_wconf 99' lang='lat' dir='ltr'>D</span> <span class='ocrx_word' id='word_1_205' title='bbox 1388 3016 1448 3089; x_wconf 94' lang='grc' dir='ltr'>Ο</span> <span class='ocrx_word' id='word_1_206' title='bbox 1468 3015 1552 3105; x_wconf 90' lang='lat' dir='ltr'>L,</span> <span class='ocrx_word' id='word_1_207' title='bbox 1588 3026 1667 3088; x_wconf 88' lang='lat' dir='ltr'>et</span> <span class='ocrx_word' id='word_1_208' title='bbox 1698 3026 1926 3088; x_wconf 86' lang='lat' dir='ltr'>rectae</span> <span class='ocrx_word' id='word_1_209' title='bbox 1956 3014 2016 3087; x_wconf 96' lang='grc' dir='ltr'>Ο</span> <span class='ocrx_word' id='word_1_210' title='bbox 2038 3015 2119 3087; x_wconf 97' lang='grc' dir='ltr'><strong>Μ</strong></span> <span class='ocrx_word' id='word_1_211' title='bbox 2158 3014 2472 3088; x_wconf 85' lang='lat' dir='ltr'>ducatur</span> 
     </span>
     <span class='ocr_line' id='line_1_24' title="bbox 390 3127 2469 3225; baseline 0 -24"><span class='ocrx_word' id='word_1_212' title='bbox 390 3140 594 3201; x_wconf 87' lang='lat' dir='ltr'>recta</span> <span class='ocrx_word' id='word_1_213' title='bbox 670 3128 732 3201; x_wconf 95' lang='grc' dir='ltr'>Β</span> <span class='ocrx_word' id='word_1_214' title='bbox 763 3129 830 3200; x_wconf 93' lang='grc' dir='ltr'>Ν</span> <span class='ocrx_word' id='word_1_215' title='bbox 886 3128 1282 3225; x_wconf 81' lang='lat' dir='ltr'>parallela3</span> <span class='ocrx_word' id='word_1_216' title='bbox 1362 3128 1784 3225; x_wconf 89' lang='lat' dir='ltr'>anguloque</span> <span class='ocrx_word' id='word_1_217' title='bbox 1840 3129 1910 3200; x_wconf 96' lang='lat' dir='ltr'>N</span> <span class='ocrx_word' id='word_1_218' title='bbox 1942 3128 2002 3200; x_wconf 92' lang='lat' dir='ltr'>B</span> <span class='ocrx_word' id='word_1_219' title='bbox 2028 3128 2097 3200; x_wconf 94' lang='lat' dir='ltr'><strong>K</strong></span> <span class='ocrx_word' id='word_1_220' title='bbox 2165 3127 2469 3223; x_wconf 83' lang='lat' dir='ltr'>aequalis</span> 
     </span>
     <span class='ocr_line' id='line_1_25' title="bbox 389 3239 2469 3338; baseline 0 -25"><span class='ocrx_word' id='word_1_221' title='bbox 389 3242 520 3314; x_wconf 89' lang='lat' dir='ltr'>fiat</span> <span class='ocrx_word' id='word_1_222' title='bbox 579 3241 867 3338; x_wconf 85' lang='lat' dir='ltr'>angulis</span> <span class='ocrx_word' id='word_1_223' title='bbox 923 3242 993 3314; x_wconf 91' lang='lat' dir='ltr'>K</span> <span class='ocrx_word' id='word_1_224' title='bbox 1017 3242 1081 3315; x_wconf 97' lang='grc' dir='ltr'>Β</span> <span class='ocrx_word' id='word_1_225' title='bbox 1103 3243 1213 3326; x_wconf 86' lang='lat'>0;</span> <span class='ocrx_word' id='word_1_226' title='bbox 1268 3241 1556 3338; x_wconf 88' lang='lat' dir='ltr'>eritque</span> <span class='ocrx_word' id='word_1_227' title='bbox 1627 3242 1689 3315; x_wconf 94' lang='grc' dir='ltr'>Β</span> <span class='ocrx_word' id='word_1_228' title='bbox 1711 3242 1777 3314; x_wconf 89' lang='grc' dir='ltr'>Ο</span> <span class='ocrx_word' id='word_1_229' title='bbox 1846 3239 2241 3315; x_wconf 87' lang='lat' dir='ltr'>incidentis</span> <span class='ocrx_word' id='word_1_230' title='bbox 2310 3241 2380 3312; x_wconf 96' lang='lat' dir='ltr'>N</span> <span class='ocrx_word' id='word_1_231' title='bbox 2405 3242 2469 3314; x_wconf 92' lang='grc' dir='ltr'>Β</span> 
     </span>
     <span class='ocr_line' id='line_1_26' title="bbox 390 3354 2469 3445; baseline 0 -17"><span class='ocrx_word' id='word_1_232' title='bbox 390 3356 684 3428; x_wconf 74' lang='lat' dir='ltr'>reflexa„</span> <span class='ocrx_word' id='word_1_233' title='bbox 790 3356 1193 3445; x_wconf 83' lang='lat' dir='ltr'>Postremo,</span> <span class='ocrx_word' id='word_1_234' title='bbox 1222 3354 1616 3429; x_wconf 89' lang='lat' dir='ltr'>incidentis</span> <span class='ocrx_word' id='word_1_235' title='bbox 1652 3355 1713 3428; x_wconf 97' lang='lat' dir='ltr'>L</span> <span class='ocrx_word' id='word_1_236' title='bbox 1736 3354 1796 3427; x_wconf 95' lang='grc' dir='ltr'>Ο</span> <span class='ocrx_word' id='word_1_237' title='bbox 1832 3354 2145 3428; x_wconf 89' lang='lat' dir='ltr'>ducatur</span> <span class='ocrx_word' id='word_1_238' title='bbox 2193 3354 2469 3428; x_wconf 87' lang='lat' dir='ltr'>reflexa</span> 
     </span>
     <span class='ocr_line' id='line_1_27' title="bbox 395 3467 2463 3564; baseline 0.001 -24"><span class='ocrx_word' id='word_1_239' title='bbox 395 3467 455 3540; x_wconf 94' lang='grc' dir='ltr'>Ο</span> <span class='ocrx_word' id='word_1_240' title='bbox 474 3468 565 3557; x_wconf 89' lang='grc' dir='ltr'>Ο,</span> <span class='ocrx_word' id='word_1_241' title='bbox 603 3490 861 3540; x_wconf 91' lang='lat' dir='ltr'>secans</span> <span class='ocrx_word' id='word_1_242' title='bbox 896 3467 958 3540; x_wconf 95' lang='grc' dir='ltr'>Β</span> <span class='ocrx_word' id='word_1_243' title='bbox 980 3468 1046 3540; x_wconf 89' lang='grc' dir='ltr'>Ο</span> <span class='ocrx_word' id='word_1_244' title='bbox 1080 3468 1159 3542; x_wconf 89' lang='lat' dir='ltr'>in</span> <span class='ocrx_word' id='word_1_245' title='bbox 1193 3469 1285 3558; x_wconf 88' lang='grc' dir='ltr'>Ο,</span> <span class='ocrx_word' id='word_1_246' title='bbox 1334 3467 1763 3564; x_wconf 85' lang='lat' dir='ltr'>faciensque</span> <span class='ocrx_word' id='word_1_247' title='bbox 1809 3467 2160 3564; x_wconf 80' lang='lat' dir='ltr'>angulum</span> <span class='ocrx_word' id='word_1_248' title='bbox 2209 3468 2268 3541; x_wconf 94' lang='grc' dir='ltr'>Ο</span> <span class='ocrx_word' id='word_1_249' title='bbox 2289 3469 2355 3541; x_wconf 89' lang='grc' dir='ltr'>Ο</span> <span class='ocrx_word' id='word_1_250' title='bbox 2377 3469 2463 3542; x_wconf 92' lang='grc' dir='ltr'>Β.</span> 
     </span>
     <span class='ocr_line' id='line_1_28' title="bbox 392 3580 2464 3678; baseline 0 -24"><span class='ocrx_word' id='word_1_251' title='bbox 392 3580 579 3655; x_wconf 92' lang='lat' dir='ltr'>Dico</span> <span class='ocrx_word' id='word_1_252' title='bbox 641 3580 995 3676; x_wconf 89' lang='lat' dir='ltr'>angulum</span> <span class='ocrx_word' id='word_1_253' title='bbox 1063 3582 1122 3655; x_wconf 95' lang='grc' dir='ltr'>Ο</span> <span class='ocrx_word' id='word_1_254' title='bbox 1148 3583 1214 3655; x_wconf 92' lang='grc' dir='ltr'>Ο</span> <span class='ocrx_word' id='word_1_255' title='bbox 1240 3582 1304 3655; x_wconf 97' lang='grc' dir='ltr'>Β</span> <span class='ocrx_word' id='word_1_256' title='bbox 1372 3582 1733 3677; x_wconf 87' lang='lat' dir='ltr'>aequalem</span> <span class='ocrx_word' id='word_1_257' title='bbox 1800 3604 1960 3654; x_wconf 88' lang='lat' dir='ltr'>esse</span> <span class='ocrx_word' id='word_1_258' title='bbox 2042 3582 2314 3678; x_wconf 89' lang='lat' dir='ltr'>angulo</span> <span class='ocrx_word' id='word_1_259' title='bbox 2382 3582 2464 3655; x_wconf 88' lang='lat' dir='ltr'>Z.</span> 
     </span>
     <span class='ocr_line' id='line_1_29' title="bbox 391 3693 2469 3791; baseline 0.001 -25"><span class='ocrx_word' id='word_1_260' title='bbox 391 3693 849 3767; x_wconf 88' lang='lat' dir='ltr'>Producatur</span> <span class='ocrx_word' id='word_1_261' title='bbox 899 3693 972 3766; x_wconf 96' lang='lat' dir='ltr'>N</span> <span class='ocrx_word' id='word_1_262' title='bbox 1000 3693 1062 3766; x_wconf 96' lang='grc' dir='ltr'>Β</span> <span class='ocrx_word' id='word_1_263' title='bbox 1114 3694 1352 3767; x_wconf 87' lang='lat' dir='ltr'>donec</span> <span class='ocrx_word' id='word_1_264' title='bbox 1386 3705 1730 3767; x_wconf 87' lang='lat' dir='ltr'>occurrat</span> <span class='ocrx_word' id='word_1_265' title='bbox 1779 3693 2014 3791; x_wconf 88' lang='lat' dir='ltr'>produ</span> <span class='ocrx_word' id='word_1_266' title='bbox 2023 3705 2164 3768; x_wconf 86' lang='lat' dir='ltr'>ctae</span> <span class='ocrx_word' id='word_1_267' title='bbox 2198 3695 2259 3768; x_wconf 95' lang='lat' dir='ltr'>L</span> <span class='ocrx_word' id='word_1_268' title='bbox 2284 3694 2344 3768; x_wconf 94' lang='grc' dir='ltr'>Ο</span> <span class='ocrx_word' id='word_1_269' title='bbox 2388 3695 2469 3770; x_wconf 92' lang='lat' dir='ltr'>in</span> 
     </span>
     <span class='ocr_line' id='line_1_30' title="bbox 391 3806 2469 3906; baseline 0.001 -26"><span class='ocrx_word' id='word_1_270' title='bbox 391 3808 469 3880; x_wconf 91' lang='lat' dir='ltr'>P.</span> <span class='ocrx_word' id='word_1_271' title='bbox 575 3806 947 3881; x_wconf 78' lang='lat' dir='ltr'>Quoniam</span> <span class='ocrx_word' id='word_1_272' title='bbox 982 3830 1160 3904; x_wconf 88' lang='lat' dir='ltr'>ergo</span> <span class='ocrx_word' id='word_1_273' title='bbox 1197 3807 1511 3904; x_wconf 88' lang='lat' dir='ltr'>angulus</span> <span class='ocrx_word' id='word_1_274' title='bbox 1545 3807 1609 3880; x_wconf 94' lang='lat' dir='ltr'>L</span> <span class='ocrx_word' id='word_1_275' title='bbox 1629 3806 1689 3880; x_wconf 93' lang='grc' dir='ltr'>Ο</span> <span class='ocrx_word' id='word_1_276' title='bbox 1710 3807 1794 3880; x_wconf 95' lang='grc' dir='ltr'><strong><em>Μ</em></strong></span> <span class='ocrx_word' id='word_1_277' title='bbox 1827 3807 2131 3904; x_wconf 86' lang='lat' dir='ltr'>aequalis</span> <span class='ocrx_word' id='word_1_278' title='bbox 2164 3818 2300 3898; x_wconf 88' lang='lat' dir='ltr'>est,</span> <span class='ocrx_word' id='word_1_279' title='bbox 2334 3833 2469 3906; x_wconf 87' lang='lat' dir='ltr'>per</span> 
     </span>
     <span class='ocr_line' id='line_1_31' title="bbox 390 3919 2467 4018; baseline 0.001 -26"><span class='ocrx_word' id='word_1_280' title='bbox 390 3919 1043 4010; x_wconf 84' lang='lat' dir='ltr'>constructionem,</span> <span class='ocrx_word' id='word_1_281' title='bbox 1106 3920 1332 4017; x_wconf 89' lang='lat' dir='ltr'>duplo</span> <span class='ocrx_word' id='word_1_282' title='bbox 1371 3922 1644 4018; x_wconf 89' lang='lat' dir='ltr'>angulo</span> <span class='ocrx_word' id='word_1_283' title='bbox 1686 3921 1755 3993; x_wconf 93' lang='lat' dir='ltr'>A</span> <span class='ocrx_word' id='word_1_284' title='bbox 1798 3944 1951 3994; x_wconf 89' lang='lat' dir='ltr'>una</span> <span class='ocrx_word' id='word_1_285' title='bbox 1993 3944 2162 3994; x_wconf 87' lang='lat' dir='ltr'>cum</span> <span class='ocrx_word' id='word_1_286' title='bbox 2194 3923 2467 4018; x_wconf 86' lang='lat' dir='ltr'>angulo</span> 
     </span>
     <span class='ocr_line' id='line_1_32' title="bbox 390 4031 2466 4131; baseline 0.002 -27"><span class='ocrx_word' id='word_1_287' title='bbox 390 4031 472 4122; x_wconf 85' lang='lat' dir='ltr'>Z,</span> <span class='ocrx_word' id='word_1_288' title='bbox 508 4032 821 4129; x_wconf 85' lang='lat' dir='ltr'>angulus</span> <span class='ocrx_word' id='word_1_289' title='bbox 857 4032 929 4105; x_wconf 95' lang='lat' dir='ltr'>N</span> <span class='ocrx_word' id='word_1_290' title='bbox 953 4034 1009 4106; x_wconf 93' lang='lat' dir='ltr'>P</span> <span class='ocrx_word' id='word_1_291' title='bbox 1030 4033 1113 4122; x_wconf 87' lang='lat' dir='ltr'>L,</span> <span class='ocrx_word' id='word_1_292' title='bbox 1172 4033 1300 4129; x_wconf 91' lang='lat' dir='ltr'>qui</span> <span class='ocrx_word' id='word_1_293' title='bbox 1336 4033 1611 4130; x_wconf 87' lang='lat' dir='ltr'>angulo</span> <span class='ocrx_word' id='word_1_294' title='bbox 1647 4033 1708 4106; x_wconf 99' lang='lat' dir='ltr'>L</span> <span class='ocrx_word' id='word_1_295' title='bbox 1731 4032 1791 4105; x_wconf 94' lang='grc' dir='ltr'>Ο</span> <span class='ocrx_word' id='word_1_296' title='bbox 1819 4034 1902 4106; x_wconf 95' lang='grc' dir='ltr'><strong>Μ</strong></span> <span class='ocrx_word' id='word_1_297' title='bbox 1935 4043 2239 4131; x_wconf 87' lang='lat' dir='ltr'>propter</span> <span class='ocrx_word' id='word_1_298' title='bbox 2270 4035 2354 4108; x_wconf 93' lang='lat' dir='ltr'>M</span> <span class='ocrx_word' id='word_1_299' title='bbox 2383 4034 2466 4125; x_wconf 90' lang='grc' dir='ltr'>Ο,</span> 
     </span>
     <span class='ocr_line' id='line_1_33' title="bbox 391 4144 2471 4245; baseline 0.002 -27"><span class='ocrx_word' id='word_1_300' title='bbox 391 4144 462 4218; x_wconf 92' lang='grc' dir='ltr'><strong>Ν</strong></span> <span class='ocrx_word' id='word_1_301' title='bbox 492 4146 547 4218; x_wconf 93' lang='grc' dir='ltr'>Ρ</span> <span class='ocrx_word' id='word_1_302' title='bbox 612 4146 997 4243; x_wconf 86' lang='lat' dir='ltr'>parallelas</span> <span class='ocrx_word' id='word_1_303' title='bbox 1049 4146 1352 4241; x_wconf 88' lang='lat' dir='ltr'>aequalis</span> <span class='ocrx_word' id='word_1_304' title='bbox 1420 4158 1558 4235; x_wconf 88' lang='lat' dir='ltr'>est,</span> <span class='ocrx_word' id='word_1_305' title='bbox 1623 4146 1923 4241; x_wconf 87' lang='lat' dir='ltr'>aequalis</span> <span class='ocrx_word' id='word_1_306' title='bbox 1980 4171 2275 4245; x_wconf 89' lang='lat' dir='ltr'>quoque</span> <span class='ocrx_word' id='word_1_307' title='bbox 2327 4149 2471 4222; x_wconf 90' lang='lat' dir='ltr'>erit</span> 
     </span>
     <span class='ocr_line' id='line_1_34' title="bbox 390 4258 2468 4359; baseline 0.002 -28"><span class='ocrx_word' id='word_1_308' title='bbox 390 4258 615 4356; x_wconf 91' lang='lat' dir='ltr'>duplo</span> <span class='ocrx_word' id='word_1_309' title='bbox 642 4261 914 4356; x_wconf 87' lang='lat' dir='ltr'>angulo</span> <span class='ocrx_word' id='word_1_310' title='bbox 949 4261 1017 4332; x_wconf 91' lang='lat' dir='ltr'>A</span> <span class='ocrx_word' id='word_1_311' title='bbox 1042 4283 1195 4333; x_wconf 91' lang='lat' dir='ltr'>una</span> <span class='ocrx_word' id='word_1_312' title='bbox 1227 4282 1395 4333; x_wconf 92' lang='lat' dir='ltr'>cum</span> <span class='ocrx_word' id='word_1_313' title='bbox 1427 4261 1700 4356; x_wconf 88' lang='lat' dir='ltr'>angulo</span> <span class='ocrx_word' id='word_1_314' title='bbox 1735 4259 1814 4332; x_wconf 91' lang='lat' dir='ltr'>Z.</span> <span class='ocrx_word' id='word_1_315' title='bbox 1904 4260 2242 4359; x_wconf 90' lang='lat' dir='ltr'>Cumque</span> <span class='ocrx_word' id='word_1_316' title='bbox 2302 4261 2468 4337; x_wconf 85' lang='lat' dir='ltr'>duae</span> 
     </span>
     <span class='ocr_line' id='line_1_35' title="bbox 392 4371 2468 4466; baseline 0.003 -23"><span class='ocrx_word' id='word_1_317' title='bbox 392 4382 611 4447; x_wconf 82' lang='lat' dir='ltr'>rectae</span> <span class='ocrx_word' id='word_1_318' title='bbox 644 4373 710 4447; x_wconf 92' lang='grc' dir='ltr'>Ο</span> <span class='ocrx_word' id='word_1_319' title='bbox 738 4373 820 4460; x_wconf 88' lang='grc' dir='ltr'>Ο,</span> <span class='ocrx_word' id='word_1_320' title='bbox 857 4373 921 4446; x_wconf 94' lang='grc' dir='ltr'>Ο</span> <span class='ocrx_word' id='word_1_321' title='bbox 952 4372 1014 4445; x_wconf 94' lang='grc' dir='ltr'>Β</span> <span class='ocrx_word' id='word_1_322' title='bbox 1050 4371 1291 4446; x_wconf 85' lang='lat' dir='ltr'>ductae</span> <span class='ocrx_word' id='word_1_323' title='bbox 1325 4373 1418 4447; x_wconf 90' lang='lat' dir='ltr'>ab</span> <span class='ocrx_word' id='word_1_324' title='bbox 1451 4373 1541 4463; x_wconf 90' lang='lat' dir='ltr'>O,</span> <span class='ocrx_word' id='word_1_325' title='bbox 1578 4373 1912 4448; x_wconf 87' lang='lat' dir='ltr'>incidant</span> <span class='ocrx_word' id='word_1_326' title='bbox 1947 4375 2024 4448; x_wconf 92' lang='lat' dir='ltr'>in</span> <span class='ocrx_word' id='word_1_327' title='bbox 2063 4375 2123 4449; x_wconf 90' lang='grc' dir='ltr'>Β</span> <span class='ocrx_word' id='word_1_328' title='bbox 2159 4388 2236 4449; x_wconf 91' lang='lat' dir='ltr'>et</span> <span class='ocrx_word' id='word_1_329' title='bbox 2271 4375 2355 4466; x_wconf 91' lang='grc' dir='ltr'>Ο,</span> <span class='ocrx_word' id='word_1_330' title='bbox 2391 4387 2468 4451; x_wconf 89' lang='lat' dir='ltr'>et</span> 
     </span>
    </p>
   </div>
  </div>
 </body>
</html>
