3182 5102
898 462 1007 513 nr.
1048 463 1585 515 nmssnsloNn
1627 463 1990 517 cmcum.
2328 451 2473 516 243

397 628 882 725 quadruplum
935 642 1046 704 est
1111 630 1446 727 quadrati
1506 633 1599 705 ab
1652 630 1907 705 eadem
1973 631 2033 703 B
2054 631 2142 703 Ο.
2278 632 2474 728 Ergo
2528 642 2702 692 PARS
2726 641 2829 692 111·

396 744 611 817 ambo
665 743 789 815 illa
841 744 1201 840 quadrata
1240 746 1332 817 ab
1392 746 1464 817 X
1494 746 1562 817 A
1619 756 1694 818 et
1726 747 1794 818 A
1818 746 1879 817 Β
1928 745 2143 817 simul
2188 756 2477 841 sumpta
2546 780 2812 816 ε-Ὺ-κ

394 869 564 929 sunt
596 858 906 953 aequalia
966 866 1049 930 16
1087 859 1462 953 quadratis
1496 884 1541 932 a
1577 860 1638 931 B
1660 860 1748 932 Ο.
1855 859 2184 932 Medium
2228 869 2471 931 autem
2521 848 2716 913 9¹⁰P⁰⁵¹
2677 850 2787 897 '¹¹¹⁰
2813 850 2858 897 ¹·

392 970 930 1066 proportionale
998 971 1188 1044 inter
1250 972 1636 1045 duodecim
1691 972 2049 1069 quadrata
2107 973 2303 1068 (quae
2363 984 2473 1044 est

393 1095 713 1179 potestas
763 1095 984 1158 rectae
1036 1085 1108 1156 X
1133 1084 1229 1179 A)
1269 1098 1344 1158 et
1395 1096 1706 1180 quatuor
1757 1084 2116 1181 quadrata
2149 1084 2473 1180 ejusdem

397 1198 458 1269 Β
480 1198 544 1271 Ο
603 1198 800 1293 (quae
834 1209 944 1270 est
977 1208 1301 1294 potestas
1335 1197 1522 1270 radii
1557 1199 1624 1270 A
1649 1197 1739 1292 B)
1782 1209 1892 1269 est
1924 1197 2136 1269 radix
2185 1198 2471 1269 numeri

390 1311 729 1407 producti
780 1336 824 1383 a
884 1320 968 1385 12
1025 1311 1101 1383 in
1159 1321 1231 1400 4,
1266 1311 1344 1384 id
1378 1322 1488 1384 est
1518 1317 1575 1378 a!
1608 1319 1750 1395 483
1804 1310 2140 1407 idemque
2192 1312 2471 1407 aequale

391 1424 520 1497 uni
554 1424 1250 1520 complementorum
1286 1424 1626 1519 quadrati
1659 1425 2005 1520 descripti
2040 1449 2086 1497 a
2116 1435 2275 1498 tota
2307 1425 2379 1496 X
2400 1425 2469 1497 A

407 1558 465 1616 -1-
510 1538 578 1609 Α
606 1538 691 1610 Β.
794 1538 990 1633 Ergo
1043 1538 1260 1610 ambo
1312 1537 1846 1634 complementa
1911 1537 2125 1609 simul
2183 1549 2473 1634 sumpta

392 1662 562 1723 sunt
591 1663 649 1726 «Ι
692 1658 849 1723 192.
966 1651 1202 1723 Radix
1257 1661 1500 1724 autem
1552 1650 1838 1723 numeri
1897 1658 2031 1724 192
2086 1662 2196 1723 est
2257 1659 2342 1723 13
2384 1663 2470 1741 Η

390 1764 742 1860 proxime.
844 1764 1040 1860 Ergo
1085 1773 1169 1838 12
1211 1780 1267 1835 -1-
1301 1774 1345 1837 4
1384 1777 1442 1836 -1-
1478 1773 1562 1836 13
1584 1773 1695 1851 ΔΗ,
1720 1763 1796 1835 id
1829 1774 1938 1836 est
1968 1772 2063 1836 30
2096 1763 2272 1853 fere,
2309 1764 2471 1860 (per

389 1878 593 1951 Eucl.
629 1876 741 1950 El.
779 1886 850 1966 2,
886 1901 1097 1973 prop.
1133 1879 1212 1969 4)
1255 1888 1365 1949 est
1413 1876 1697 1972 aequaie
1749 1876 2106 1973 quadrato
2149 1878 2241 1950 ab
2275 1877 2350 1949 X
2381 1876 2467 1949 Β.

391 1991 583 2064 Nam
637 1992 698 2063 si
749 2014 885 2087 pro
956 1999 1091 2064 192
1158 1991 1658 2065 habuissemus
1721 1999 1885 2080 196,
1952 1990 2259 2064 fuissent
2324 1989 2470 2063 duo

390 2104 920 2200 complementa
980 2113 1063 2177 14
1092 2134 1111 2188 ;
1164 2115 1237 2177 et
1288 2103 1393 2176 sic
1429 2104 1866 2199 quadratum
1900 2105 1992 2177 ab
2028 2105 2100 2176 X
2126 2105 2186 2176 B
2219 2104 2471 2177 fuisset

389 2218 669 2313 aequale
722 2225 818 2292 30
869 2217 1248 2312 quadratis
1282 2241 1329 2291 a
1363 2217 1423 2289 B
1447 2218 1556 2302 0;
1612 2229 1687 2290 et
1738 2218 2177 2314 quadratum
2230 2242 2277 2290 a
2331 2217 2472 2290 BF

389 2331 668 2427 aequale
745 2338 833 2405 10
901 2331 1274 2428 quadratis
1329 2355 1375 2404 a
1429 2332 1489 2403 B
1512 2332 1578 2404 Ο
1646 2332 1970 2427 praecise.
2093 2331 2224 2404 Est
2291 2355 2468 2427 ergo

391 2443 829 2539 quadratum
882 2468 929 2516 a
984 2443 1044 2515 B
1068 2445 1124 2516 F
1183 2443 1291 2539 (id
1344 2455 1457 2517 est
1495 2468 1541 2516 a
1580 2444 1787 2517 radio
1841 2456 1917 2517 et
1968 2456 2316 2540 tangente
2372 2453 2467 2518 30

389 2558 776 2654 graduum,
825 2571 911 2631 ut
957 2559 1051 2631 ab
1109 2582 1261 2631 una
1316 2557 1541 2650 linea)
1603 2558 1884 2654 aequale
1927 2558 2183 2632 decem
2237 2560 2468 2655 quad-

390 2672 571 2744 ratis
621 2696 667 2744 a
720 2671 780 2743 B
808 2672 874 2744 Ο
924 2671 1282 2769 proxime.
1388 2671 1535 2744 Sed
1577 2673 1637 2742 A
1673 2671 1735 2744 Β
1791 2684 1906 2744 est
1985 2680 2464 2761 10‚000‚000;

390 2810 569 2882 ergo
632 2785 694 2858 Β
724 2786 790 2858 Ο
852 2799 968 2858 est
1031 2793 1475 2874 5,000‚000;
1545 2784 1989 2880 quadratum
2043 2809 2089 2857 a
2142 2785 2204 2858 Β
2226 2785 2292 2857 Ο
2353 2796 2468 2859 est

391 2907 1242 2988 25‚000,000‚000,000;
1312 2898 1569 2971 decem
1614 2897 1975 2994 quadrata
2009 2922 2054 2972 a
2090 2898 2238 2971 ΒΟ
2293 2913 2469 2972 sunt

390 3018 1292 3101 250‚000‚000‚000,000;
1346 3011 1554 3107 cujus
1589 3010 1800 3084 radix
1853 3022 1968 3084 est
2027 3015 2462 3101 15‚811‚704

390 3124 746 3222 proxime.
852 3123 1000 3197 Sed
1034 3124 1096 3197 Β
1128 3123 1188 3196 C
1221 3123 1373 3197 sive
1410 3125 1466 3196 F
1490 3124 1551 3196 E
1587 3135 1703 3197 est
1744 3132 2181 3213 10‚000,000
2212 3156 2232 3210 ;
2288 3148 2466 3221 ergo

390 3239 449 3312 C
479 3239 535 3310 F
569 3238 722 3311 sive
757 3249 1070 3334 tangens
1105 3260 1320 3310 arcus
1356 3246 1452 3311 30
1485 3237 1874 3333 graduum,
1924 3249 2038 3310 est
2073 3242 2462 3329 5‚811‚704

388 3350 743 3450 proxime.
850 3350 1074 3431 Quod
1108 3361 1270 3424 erat
1304 3349 1984 3423 demonstrandum.

487 3463 969 3537 Manifestum
1016 3462 1193 3536 hino
1244 3473 1360 3536 est
1393 3460 1595 3558 quod
1643 3484 1992 3535 numerus
2047 3465 2164 3550 5‚7
2171 3467 2213 3545 7
2221 3471 2466 3553 3‚503‚

390 3576 517 3673 qui
573 3575 876 3672 ponitur
930 3576 1007 3648 in
1071 3575 1342 3649 tabulis
1402 3573 1869 3671 tangentium
1916 3599 2053 3671 pro
2115 3587 2470 3672 tangente

388 3712 602 3763 arcus
639 3697 734 3762 30
769 3688 1157 3785 graduum,
1193 3699 1308 3761 est
1339 3687 1589 3775 falsuS,
1621 3686 1970 3759 nimirum
1994 3688 2200 3784 justo
2229 3690 2471 3764 minor

386 3802 721 3900 partibus
742 3810 1361 3898 38‚201‚quarum
1381 3800 1631 3873 radius
1654 3799 1989 3873 continet
2007 3810 2029 3873 l
2048 3809 2468 3891 0,000‚000.

489 3915 729 3989 Causa
770 3914 1041 3988 erroris
1077 3926 1214 4001 est,
1250 3939 1401 3988 non
1448 3913 1651 4011 quod
1683 3937 2029 3987 numeros
2063 3938 2214 3988 non
2265 3927 2469 3990 recte

389 4028 974 4126 supputaverint,
1010 4029 1141 4102 sed
1191 4029 1392 4125 quod
1423 4050 1775 4101 numerus
1827 4027 1901 4099 in
1939 4028 2169 4101 lineas
2220 4029 2470 4102 multi-

386 4143 702 4240 plicatus
750 4166 1129 4238 nunquam
1179 4141 1529 4239 producit
1577 4141 1799 4231 idem,
1873 4140 2074 4237 quod
2138 4141 2334 4215 linea
2389 4142 2469 4217 in

385 4256 702 4330 totidem
791 4255 1023 4329 lineas
1100 4255 1373 4341 ducta3
1461 4255 1805 4352 quodque
1880 4253 2093 4327 radix
2180 4254 2469 4329 numeri

390 4370 731 4466 quadrati
807 4393 1187 4465 nunquam
1265 4370 1461 4445 latus
1537 4380 1652 4443 est
1728 4367 2113 4464 quadratae
2186 4368 2466 4466 figurae,

2032 4503 2086 4554 a
2121 4490 2165 4554 2
