3182 5102
433 649 610 766 PARS
631 650 706 703 11.

771 460 909 529 158
1353 476 1921 532 PmLOSOPmA
1958 478 2245 531 PmMA.

872 651 940 715 5.
996 642 1362 718 Praeterea
1429 644 1805 743 colligitur
1868 644 2044 719 hinc
2103 644 2320 717 lineae
2380 652 2607 716 rectae
2666 666 2841 738 pro-

420 789 704 823 2-—r-—2
754 755 1032 853 prietas
1090 756 1302 843 haec;
1374 783 1666 857 nempe,
1735 758 1796 833 si
1846 758 2144 833 termini
2214 759 2369 856 ejus
2440 757 2514 829 in
2588 755 2839 854 aliquo

402 856 570 906 Rectae
588 857 726 905 lineo

399 932 452 970 ut
476 923 526 970 in
551 922 692 986 plano

756 869 1078 944 existant
1127 871 1372 969 plano,
1432 873 1656 948 etiam
1712 886 1947 948 totam
1982 874 2061 947 in
2098 872 2357 946 eodem
2393 871 2614 969 plano
2651 893 2839 944 esse.

397 987 727 1051 proprimte‘·
756 984 951 1059 Nam
999 1009 1166 1059 cum
1209 987 1354 1062 duo
1420 990 1576 1086 ejus
1628 987 1925 1062 termini
1977 987 2054 1061 in
2104 986 2327 1084 plano
2380 988 2552 1076 sint,
2607 999 2841 1074 recta,

756 1122 922 1195 quae
941 1096 1244 1197 planum
1266 1100 1507 1198 ipsum
1531 1101 1907 1192 describit,
1922 1100 2269 1175 transibit
2290 1124 2423 1199 per
2441 1112 2843 1195 utrumque

754 1215 1151 1288 terminum
1181 1240 1201 1301 ς
1277 1229 1570 1313 sumpto
1651 1229 1900 1289 autem
1976 1212 2261 1288 utrovis
2344 1226 2622 1310 puncto
2700 1234 2843 1308 pro

756 1340 1036 1419 centro,
1072 1328 1461 1404 intervallo
1502 1328 1871 1403 dictorum
1927 1326 2414 1402 terminorum
2468 1324 2846 1422 descripta

755 1442 1370 1534 circumferentia,
1403 1444 1611 1541 cujus
1657 1443 1905 1517 radius
1943 1454 2055 1515 est
2091 1452 2299 1515 recta
2334 1462 2501 1538 quae
2535 1441 2844 1537 planum

757 1551 1130 1647 describit,
1198 1580 1333 1654 per
1399 1555 1713 1631 alterum
1777 1552 2176 1630 terminum
2227 1550 2596 1629 transibit.
2700 1554 2841 1627 Est

756 1692 933 1767 ergo
968 1670 1166 1743 inter
1200 1671 1384 1745 duos
1420 1667 1777 1746 terminos
1810 1669 2232 1768 propositos
2282 1681 2488 1743 recta
2523 1691 2673 1740 una
2713 1668 2840 1761 (ex

757 1780 1188 1858 definitione
1252 1782 1564 1880 circuli,)
1625 1795 1786 1858 tota
1839 1782 1917 1857 in
1970 1784 2191 1880 plano
2245 1780 2649 1880 proposito.
2756 1776 2840 1854 Si

757 1921 933 1994 ergo
969 1897 1113 1971 alia
1140 1910 1348 1973 recta
1380 1899 1576 1973 inter
1612 1893 1912 1973 eosdem
1957 1894 2311 1971 terminos
2351 1890 2523 1969 duci
2554 1907 2836 1991 posset,

756 2034 919 2107 quae
979 2010 1056 2085 in
1113 2036 1199 2084 eo
1247 2011 1470 2109 plano
1526 2036 1681 2086 non
1736 2022 1952 2100 esset,
2007 2020 2314 2108 possent
2347 2006 2543 2082 inter
2577 2006 2836 2083 eadem

752 2136 1033 2220 puncta
1067 2122 1237 2198 duci
1274 2122 1438 2200 duae
1471 2126 1688 2200 lineae
1730 2137 1996 2209 rectae;
2055 2120 2256 2221 quod
2305 2134 2683 2199 ostensum
2720 2134 2836 2196 est

756 2260 915 2310 esse
950 2237 1420 2335 impossibile.

844 2348 1235 2450 Colligitur
1256 2353 1502 2443 etiam,
1540 2352 1603 2427 si
1634 2347 1779 2426 duo
1800 2351 2022 2449 plana
2051 2374 2128 2425 se
2153 2362 2412 2425 mutuo
2437 2348 2833 2439 secuerint,

755 2489 1218 2541 communem
1267 2469 1674 2542 sectionem
1730 2490 1889 2541 esse
1926 2466 2195 2539 lineam
2230 2479 2530 2539 rectam.
2636 2462 2833 2539 Nam

753 2578 898 2655 duo
923 2580 1271 2656 sectionis
1296 2582 1594 2656 termini
1623 2594 1797 2655 sunt
1824 2579 1900 2654 in
1921 2592 2239 2677 utroque
2264 2581 2486 2677 plano
2509 2594 2830 2667 secante,

752 2707 827 2767 et
847 2694 1044 2768 inter
1070 2693 1269 2792 ipsos
1293 2696 1463 2769 duci
1489 2706 1742 2793 potest
1767 2693 1965 2768 linea
1991 2707 2228 2778 recta;
2260 2694 2390 2767 sed
2402 2706 2609 2767 recta
2635 2693 2832 2767 inter

752 2808 897 2881 duo
932 2823 1211 2906 puncta
1243 2811 1321 2884 in
1360 2806 1623 2884 eodem
1657 2821 1774 2882 est
1807 2808 2030 2906 plano
2067 2831 2233 2880 cum
2285 2806 2462 2904 ipsis
2507 2807 2825 2905 punctis,

752 2947 915 3020 quae
952 2945 1121 2996 cum
1155 2922 1304 2998 sint
1337 2917 1413 2997 in
1448 2934 1768 3020 utroque
1803 2922 2050 3020 plane,
2087 2919 2311 2994 etiam
2354 2934 2559 2994 recta
2592 2922 2717 2995 illa
2751 2921 2827 2994 in

745 3047 1063 3133 utroque
1126 3037 1290 3128 erit,
1352 3045 1428 3112 et
1488 3048 1886 3135 propterea
1939 3047 2053 3109 est
2110 3056 2364 3108 eorum
2421 3035 2825 3109 communis

747 3149 1001 3224 sectio.
1138 3151 1395 3225 Omnis
1476 3164 1727 3227 autem
1811 3150 1955 3224 alia
2014 3150 2210 3223 linea
2293 3147 2489 3223 inter
2572 3147 2826 3223 eadem

743 3271 1045 3360 puncta,
1075 3283 1243 3338 cum
1267 3289 1354 3338 ea
1375 3257 1770 3354 coincidet,
1795 3259 1874 3338 id
1901 3276 2038 3354 est,
2054 3257 2311 3337 eadem
2339 3263 2509 3350 erit,
2539 3259 2656 3336 vel
2676 3285 2825 3337 non

746 3375 1116 3452 coincidet
1167 3388 1244 3452 et
1297 3375 1610 3475 proinde
1660 3387 1872 3452 extra
1918 3375 2230 3452 alterum
2272 3377 2387 3452 vel
2431 3388 2825 3475 utrumque

745 3489 1045 3586 planum
1071 3490 1231 3565 ibit.

846 3600 1170 3700 Intelligi
1203 3599 1420 3677 facile
1452 3613 1729 3701 potest,
1765 3615 1851 3677 ut
1890 3602 2082 3677 sicut
2124 3615 2329 3677 recta
2364 3604 2562 3676 circa
2593 3625 2825 3700 punc—

743 3730 905 3791 tum
937 3717 1327 3792 immotum
1357 3730 1445 3791 ut
1474 3729 1835 3807 centrum,
1874 3714 1981 3791 ita
2011 3716 2313 3814 planum
2342 3713 2540 3791 circa
2567 3717 2825 3791 immo-

743 3843 897 3905 tam
956 3829 1227 3906 lineam
1279 3843 1560 3907 rectam
1622 3844 1709 3903 ut
1768 3851 2006 3921 axem,
2061 3827 2511 3905 circumduci
2582 3853 2822 3928 posse.

742 3943 854 4020 Ex
890 3966 1036 4043 quo
1096 3946 1571 4021 manifestum
1626 3957 1763 4038 est,
1820 3943 2167 4044 quaelibet
2219 3945 2365 4019 tria
2414 3957 2694 4041 puncta
2744 3941 2825 4019 in

746 4061 1004 4136 eodem
1040 4081 1199 4136 esse
1234 4058 1486 4159 aliquo
1524 4061 1774 4158 plano.
1879 4060 2074 4134 Nam
2131 4059 2276 4132 duo
2310 4073 2590 4156 puncta
2625 4081 2823 4158 quae-

743 4166 947 4262 libet,
984 4173 1046 4248 si
1082 4186 1286 4249 recta
1334 4184 1896 4263 connectantur,
1952 4178 2126 4246 sunt
2164 4167 2241 4245 in
2292 4169 2549 4246 eodem
2599 4170 2821 4271 plano

745 4280 823 4360 in
860 4306 1006 4384 quo
1044 4300 1158 4361 est
1190 4286 1351 4384 ipsa
1377 4299 1606 4361 recta.
1714 4287 1791 4360 Si
1820 4287 2049 4384 igitur
2068 4283 2368 4383 planum
2395 4283 2576 4359 illud
2603 4305 2824 4383 super

740 4400 942 4476 illam
995 4414 1277 4476 rectam
1329 4401 1949 4493 circumducatur,
2001 4395 2321 4498 excipiet
2370 4398 2821 4476 revolvendo
