3182 5102
896 485 1002 535 DE
1042 485 1429 551 Fmeonn,
1468 484 1770 553 VENTO,
1810 487 1983 538 mc.
2332 475 2473 540 389

411 673 559 744 qua
592 666 1141 744 concreverant,
1183 654 1651 751 regelantur3
1686 655 1830 727 nisi
1850 655 2043 728 forte
2079 668 2229 727 tam
2253 656 2473 751 longo

412 776 745 859 tempore
785 765 1273 856 induruerint,
1326 779 1413 839 ut
1453 779 1699 840 motus
1747 768 1896 841 sive
1942 782 2249 842 conatus
2300 769 2472 841 novi

408 874 745 948 habitum
778 879 1301 974 acquisiverint
1332 907 1350 951 ι
1405 903 1645 976 neque
1681 881 1855 954 satis
1895 895 2007 954 est
2054 881 2148 954 ad
2195 881 2472 977 regela-

411 989 715 1079 tionem,
750 1003 835 1062 ut
858 992 1113 1087 gelans
1140 1018 1320 1066 aura
1354 1008 1635 1077 cesset;
1691 1018 1864 1066 nam
1891 994 2205 1067 sublatio
2236 1018 2473 1067 causae

411 1104 755 1176 effectum
801 1129 951 1177 non
1000 1106 1356 1191 destruit;
1411 1107 1542 1179 sed
1585 1131 1885 1180 causam
1919 1119 2217 1203 oportet
2246 1107 2471 1181 fuisse

411 1216 881 1312 regelationis
927 1221 1321 1317 propriam,
1385 1245 1649 1316 nempe
1715 1245 1970 1293 auram
2032 1222 2474 1294 contrariam

409 1329 526 1401 vel
580 1332 838 1404 saltem
891 1334 1350 1430 aliquatenus
1386 1334 1840 1431 oppositam;
1894 1334 1971 1406 id
2004 1334 2204 1430 quod
2253 1336 2475 1408 etiam

410 1442 569 1515 fieri
630 1446 1067 1541 experimur.
1170 1449 1364 1521 Nam
1417 1448 1480 1520 si
1532 1449 1805 1544 glacies
1865 1448 1940 1520 in
1994 1448 2239 1520 locum
2286 1448 2474 1521 bene

413 1556 740 1631 clausum
795 1559 1173 1649 inferatur,
1221 1562 1349 1635 ubi
1395 1574 1641 1636 motus
1696 1562 1885 1635 aeris
1919 1562 2217 1635 minime
2252 1586 2475 1659 pene-

410 1680 606 1744 trare
659 1675 917 1768 possit,
976 1674 1210 1772 frigus
1264 1676 1366 1748 ibi
1432 1675 1676 1749 minus
1745 1675 2150 1759 sentietur;
2203 1676 2474 1771 glacies

412 1796 659 1857 tamen
695 1789 1267 1861 conservabitur.

2553 664 2726 712 PARS
2763 664 2851 712 1v.

2661 731 2737 776 28.

523 1907 634 1971 12.
686 1899 1057 1973 Durorum
1090 1902 1233 1974 alia
1275 1901 1661 1975 manifeste
1694 1902 1893 1976 flecti
1926 1916 2231 1998 possunt
2262 1933 2281 1986 ;
2333 1902 2476 1975 alia
2498 1920 2755 1970 Flexorum

413 2035 563 2084 non
609 2012 811 2101 item,
865 2014 994 2087 sed
1045 2014 1121 2087 in
1156 2015 1394 2111 primo
1428 2015 1764 2089 flexionis
1814 2029 2185 2088 momento
2221 2015 2474 2088 statim

413 2124 953 2222 diffringuntur.
1091 2128 1188 2202 Et
1255 2153 1507 2202 eorum
1576 2151 1739 2223 quae
1826 2129 2210 2203 manifeste
2276 2129 2474 2202 flecti

409 2251 744 2334 possunt,
806 2240 948 2313 alia
1002 2241 1299 2337 quidem
1359 2242 1570 2330 flexa,
1626 2264 1878 2313 rursus
1932 2241 2068 2314 sibi
2122 2243 2477 2339 permissa

412 2352 664 2426 statim
698 2376 776 2424 se
811 2354 1230 2444 restituunt,
1281 2354 1425 2426 alia
1457 2365 1755 2426 manent
1788 2354 1999 2426 flexa.
2105 2355 2478 2429 Quaeritur

412 2488 588 2562 ergo
656 2466 1143 2540 restitutionis
1209 2491 1450 2557 causa,
1521 2491 1742 2563 quam
1803 2467 1968 2541 dico
2036 2492 2191 2541 esse
2264 2492 2477 2565 posse

412 2578 873 2674 hujusmodi3
927 2604 1210 2677 nempe,
1278 2581 1450 2677 quia
1500 2581 1878 2677 particulae
1927 2582 2251 2679 corporis
2305 2582 2475 2654 flexi

410 2704 798 2766 moventur
851 2694 1067 2765 etiam
1126 2707 1302 2766 tunc
1364 2718 1530 2767 cum
1582 2705 1875 2767 tenetur
1927 2695 2217 2784 flexum,
2270 2707 2476 2767 motu

414 2828 570 2893 su0,
606 2817 854 2878 amota
886 2805 958 2878 vi
991 2807 1358 2892 flectente,
1392 2806 1662 2879 flexum
1694 2807 2108 2880 restituent.
2195 2808 2477 2903 Perspi-

413 2943 630 2992 cuum
708 2920 903 2993 enim
970 2931 1103 3007 est,
1174 2922 1236 2993 si
1305 2920 1483 3015 quid
1546 2921 1910 3008 flectatur,
1977 2933 2061 2993 ut
2130 2921 2479 3016 chalybea

413 3032 704 3122 lamina,
765 3032 1186 3128 eademque,
1241 3047 1489 3107 amota
1539 3033 1613 3104 vi
1678 3034 2039 3123 flectente,
2104 3034 2347 3107 subito
2400 3057 2476 3105 se

412 3147 776 3234 restituat,
801 3170 1095 3218 causam
1121 3146 1612 3220 restitutionis
1640 3145 1736 3217 ad
1768 3147 2208 3219 ambientem
2236 3170 2479 3219 aerem

411 3260 666 3332 referri
709 3283 861 3333 non
894 3283 1131 3355 posse.
1236 3259 1706 3355 Perspicuum
1742 3283 2028 3354 quoque
2080 3273 2217 3349 est,
2266 3260 2478 3332 resti-

412 3373 720 3446 tutionis
788 3396 1082 3445 causam
1149 3397 1301 3445 non
1370 3396 1550 3461 esse,
1615 3372 1812 3467 quod
1864 3372 1969 3444 vis
2027 3373 2329 3444 flectens
2383 3372 2479 3443 sit

410 3498 684 3560 amota.
787 3487 981 3558 Nam
1014 3487 1088 3559 in
1117 3487 1230 3576 iis,
1266 3510 1428 3581 quae
1463 3486 1870 3581 quiescunt,
1905 3485 2217 3558 remotio
2253 3486 2477 3580 impe-

409 3599 723 3673 dimenti
786 3598 1018 3672 futuri
1077 3611 1321 3673 motus
1385 3599 1746 3672 sufficiens
1830 3623 2050 3671 causa
2120 3623 2272 3671 non
2339 3611 2475 3671 est.

414 3714 649 3787 Causa
698 3712 894 3785 enim
954 3724 1195 3785 motus
1264 3712 1407 3784 alia
1462 3735 1613 3783 non
1681 3723 1794 3783 est
1846 3726 2116 3807 praeter
2169 3724 2473 3784 motum.

410 3827 659 3899 Causa
691 3849 868 3922 ergo
903 3825 1391 3899 restitutionis
1427 3837 1538 3896 est
1570 3825 1649 3896 in
1681 3824 2038 3920 partibus,
2091 3850 2180 3898 ex
2215 3825 2476 3921 quibus

410 3940 574 4037 ipsa
604 3938 877 4011 lamina
911 3937 1405 4010 constituitur.

512 4054 707 4126 Dum
741 4076 916 4148 ergo
950 4053 1141 4125 flexa
1170 4064 1421 4124 manet
1462 4051 1754 4140 lamina,
1807 4064 2050 4125 motus
2102 4063 2349 4124 tamen
2400 4051 2476 4124 in

411 4167 742 4263 partibus
797 4167 954 4261 ejus
1016 4164 1208 4237 inest
1262 4164 1545 4260 aliquis,
1604 4188 2021 4260 quanquam
2073 4164 2473 4253 invisibilis,

413 4280 490 4352 id
544 4292 677 4367 est,
735 4289 1042 4361 conatus
1078 4279 1358 4367 saltem,
1395 4288 1471 4351 et
1516 4301 1606 4351 ea
1632 4277 1927 4374 quidem
1958 4279 2080 4352 via
2123 4303 2266 4374 qua
2319 4280 2476 4375 ipsa

412 4393 685 4466 lamina
717 4402 827 4476 est
859 4391 1336 4467 restituenda.
1433 4391 1759 4466 Conatus
1794 4415 1987 4488 ergo
2005 4391 2125 4465 hic
2158 4393 2472 4489 partium

2498 1997 2756 2049 spontanea
2778 2002 2850 2034 re-

2499 2052 2699 2111 stitutio,
2727 2052 2869 2100 unde.
