3182 5102
409 647 585 762 ΡΑΒῖΞ
610 647 697 698 1V.

353 2110 515 2187 Cauca.
537 2126 728 2187 ’excen-

355 2184 576 2224 mcnatn
591 2187 752 2226 motus

353 2248 491 2289 terre
511 2243 674 2290 annui.

776 459 918 524 352
1621 472 2006 525 ansch.

774 639 995 712 talem
1029 652 1113 712 ut
1164 665 1213 714 a
1265 652 1476 714 motu
1508 641 1660 715 ullo
1694 641 1868 714 solis
1902 639 2214 736 produci
2245 652 2519 736 posset.
2630 640 2858 713 Hanc

772 754 1000 850 igitur
1033 765 1278 828 motus
1336 755 1689 852 simplicis
1742 752 2189 851 hypothesin
2223 753 2458 826 visum
2513 765 2632 826 est
2674 755 2856 826 reti-

773 891 998 951 nere;
1086 880 1162 941 et
1229 893 1543 965 quorum
1608 869 2152 965 phaenomenezn
2220 890 2477 939 causas
2546 868 2643 939 ab
2729 867 2855 939 illo

773 980 1105 1054 derivare
1139 1006 1452 1078 possem,
1517 1006 1640 1054 eas
1701 981 2074 1063 derivare3
2128 990 2398 1052 caetera
2451 1003 2621 1075 quae
2681 980 2853 1053 inde

762 1092 1135 1166 *deducere
1170 1119 1320 1167 non
1354 1117 1673 1190 possem,
1710 1117 1862 1166 non
1895 1093 2293 1189 attingere.

872 1205 1279 1301 Objicietur
1336 1206 1674 1293 fortasse,
1740 1205 1938 1302 quod
1992 1204 2155 1293 etsi,
2210 1228 2347 1300 per
2398 1204 2845 1301 hypothesin

772 1317 1017 1407 talem,
1039 1318 1506 1415 parallelismi
1526 1319 1685 1391 axis
1715 1330 1933 1391 terrae
1962 1317 2417 1414 aliarumque
2445 1318 2845 1392 multarum

773 1454 1017 1504 rerum
1052 1432 1562 1528 apparentium
1597 1431 1787 1504 ratio
1826 1430 2034 1504 reddi
2080 1430 2337 1526 possit,
2395 1454 2567 1503 cum
2601 1443 2852 1506 tamen

773 1543 853 1616 id
886 1546 1020 1617 fiat
1051 1567 1185 1640 per
1217 1544 1779 1617 collocationem
1814 1543 2142 1639 corporis
2177 1543 2437 1616 solaris
2472 1544 2549 1616 in
2586 1558 2848 1618 centro

773 1658 994 1747 orbiS,
1018 1680 1236 1754 quem
1271 1657 1621 1730 describit
1653 1669 1855 1730 terra
1885 1669 2093 1730 motu
2129 1680 2404 1745 annuo,
2442 1657 2602 1753 ipsa
2620 1658 2857 1756 hypo-

772 1771 997 1843 thesis
1031 1770 1213 1843 falsa
1247 1781 1383 1858 est,
1421 1795 1589 1842 cum
1624 1770 1822 1843 orbis
1857 1794 2144 1843 annuus
2172 1770 2309 1842 soli
2344 1770 2443 1843 sit
2475 1774 2852 1846 excentri-

773 1908 925 1956 cus,
1026 1884 1423 1956 Videamus
1477 1907 1656 1979 ergo
1708 1885 1946 1980 primo
1980 1884 2145 1957 loco
2183 1908 2348 1980 quae
2381 1884 2477 1957 sit
2515 1895 2595 1958 et
2649 1887 2855 1961 unde

772 1997 1057 2070 oriatur
1090 1997 1215 2069 illa
1249 1997 1787 2070 excentricitaS.

875 2118 945 2184 8.
1002 2110 1113 2182 Sit
1173 2133 1350 2206 ergo
1419 2108 1528 2202 (in
1591 2110 1849 2182 eadem
1903 2112 2029 2207 fig.
2096 2109 2174 2204 3)
2237 2111 2556 2184 circulus
2626 2124 2854 2186 terrae

773 2246 1059 2296 annuus
1108 2248 1156 2294 a
1181 2221 1224 2293 b
1252 2248 1293 2294 c
1314 2221 1372 2294 d
1420 2221 1694 2294 divisus
1747 2222 2268 2319 quadrifariam
2323 2247 2370 2296 a
2422 2224 2648 2297 rectis
2714 2249 2765 2297 a
2787 2250 2854 2314 e,

777 2334 820 2406 b
849 2335 926 2422 d,
980 2334 1396 2408 secantibus
1458 2357 1537 2406 se
1593 2346 1852 2408 mutuo
1907 2335 1986 2407 in
2047 2346 2304 2408 centro
2360 2362 2444 2409 e:
2499 2337 2750 2432 sitque
2802 2364 2856 2410 a

773 2447 1065 2520 initium
1125 2447 1357 2533 librae,
1418 2446 1461 2518 b
1516 2447 1954 2543 capricorni,
2005 2472 2047 2520 c
2099 2448 2374 2538 arietis»,
2431 2449 2489 2522 d
2543 2451 2802 2523 cancri
2831 2479 2851 2522 ε

772 2560 1373 2656 intelligaturque
1409 2584 1578 2632 cum
1614 2560 2024 2656 Copernico
2061 2573 2301 2633 totum
2337 2563 2594 2635 orbem
2625 2563 2860 2636 abed

773 2686 1063 2747 tantum
1099 2674 1372 2747 distare
1407 2673 1896 2769 undequaque
1931 2698 1978 2746 a
1999 2674 2350 2770 signifero
2385 2676 2726 2764 fixarum,
2768 2690 2852 2750 ut

775 2788 874 2860 sit
906 2799 1108 2861 totus
1164 2799 1506 2884 respectu
1558 2787 1931 2860 distantiae
1993 2800 2220 2862 tantae
2273 2789 2509 2862 instar
2559 2791 2848 2885 puncti.

778 2901 1252 2997 Supponatur
1279 2902 1434 2997 jam
1466 2912 1742 2973 terram
1794 2923 1954 2973 esse
2009 2901 2084 2973 in
2137 2901 2350 2973 initio
2402 2901 2605 2973 librae
2642 2903 2740 2975 ad
2775 2929 2848 2992 a,

773 3014 1142 3087 videbitur
1176 3038 1353 3110 ergo
1381 3014 1490 3087 sol
1519 3013 1593 3087 in
1633 3014 1846 3087 initio
1882 3014 2131 3088 arietis
2159 3014 2257 3087 ad
2289 3041 2354 3087 c.
2429 3016 2641 3088 Mota
2668 3040 2850 3112 ergo

773 3140 974 3200 terra
1007 3128 1099 3201 ab
1136 3152 1185 3199 a
1220 3126 1314 3200 ad
1351 3126 1418 3215 b,
1453 3126 1826 3200 videbitur
1846 3127 1956 3200 sol
1976 3128 2254 3200 moveri
2276 3152 2322 3199 a
2358 3152 2400 3200 c
2428 3128 2523 3200 ad
2550 3128 2852 3201 initium

772 3240 1019 3312 cancri
1054 3240 1131 3313 in
1168 3240 1242 3329 d,
1280 3250 1356 3312 et
1388 3252 1734 3336 promota
1766 3251 1967 3312 terra
2017 3265 2062 3313 a
2115 3239 2158 3311 b
2209 3240 2304 3312 ad
2356 3266 2421 3329 e,
2474 3239 2851 3315 videbitur

770 3352 883 3426 sol
915 3364 1296 3448 promotus
1331 3376 1491 3424 esse
1524 3350 1623 3423 ad
1654 3351 1948 3423 initium
1982 3352 2190 3425 librae
2223 3352 2299 3424 in
2337 3377 2410 3424 a.
2497 3353 2634 3424 Est
2667 3377 2849 3449 ergo

770 3492 812 3537 c
840 3466 898 3539 d
913 3491 961 3537 a
995 3489 1209 3537 arcus
1255 3465 1576 3551 aestiv11S‚
1625 3488 1674 3535 a
1699 3463 1742 3535 b
1772 3489 1814 3535 c
1864 3464 2260 3560 hybernus.
2366 3464 2563 3536 Dum
2596 3478 2850 3538 autem

767 3577 1060 3650 videtur
1094 3577 1205 3650 sol
1228 3577 1500 3650 morari
1534 3576 1613 3647 in
1647 3598 1825 3648 arcu
1858 3576 2140 3664 aestiv0,
2174 3578 2366 3649 fiunt
2400 3576 2557 3649 dies
2605 3577 2795 3671 186}
2825 3608 2845 3659 3

771 3691 1080 3764 totidem
1116 3715 1291 3786 ergo
1328 3688 1840 3762 conversiones
1874 3688 2159 3762 diurnae
2200 3691 2395 3762 fiunt
2437 3714 2483 3762 a
2532 3702 2735 3763 terra
2767 3691 2848 3762 in

768 3828 946 3877 arcu
1016 3829 1065 3876 a
1089 3804 1132 3876 b
1156 3830 1240 3888 ος
1328 3827 1554 3900 quare
1625 3802 1882 3875 eadem
1941 3812 2167 3892 terra,
2230 3803 2406 3874 dum
2475 3804 2849 3899 percurrit

769 3941 982 3991 arcus
1032 3942 1072 3990 c
1095 3917 1153 3990 d
1168 3942 1239 4006 a,
1326 3916 1548 3989 faciet
1617 3914 1916 3989 diurnas
1977 3916 2496 3989 conversiones
2552 3928 2846 3990 tantum

782 4030 989 4125 ¹78}-
1063 4030 1307 4126 Major
1343 4053 1519 4125 ergo
1556 4028 1778 4101 debet
1805 4051 1961 4101 esse
1997 4052 2211 4101 arcus
2249 4054 2298 4101 α
2321 4029 2364 4101 b
2387 4054 2430 4102 c
2465 4053 2645 4102 arcu
2678 4030 2846 4102 eda

768 4142 1026 4217 diebus
1084 4144 1203 4239 Sti,
1263 4142 1338 4214 id
1381 4154 1518 4230 est,
1566 4141 1915 4237 gradibus
1969 4140 2125 4215 fere
2179 4142 2535 4215 totidem:
2591 4143 2690 4216 sit
2728 4167 2780 4214 a
2800 4167 2847 4213 r

769 4279 983 4328 arcus
1030 4256 1392 4352 graduum
1428 4260 1588 4345 21²5,
1646 4266 1722 4327 et
1755 4278 1969 4327 arcus
2008 4279 2050 4327 c
2078 4280 2117 4325 s
2151 4255 2486 4328 totidem.
2595 4254 2845 4355 Major

770 4390 947 4463 ergo
984 4383 1097 4441 est
1130 4393 1344 4442 arcus
1378 4394 1422 4439 r
1447 4368 1489 4440 b
1511 4394 1549 4439 «ς
1585 4367 2043 4442 semicirculo
2079 4393 2127 4440 a
2152 4367 2195 4440 b
2218 4393 2260 4441 c
2312 4369 2663 4466 gradibus
2699 4370 2842 4463 41¹³*
