3182 5102
720 457 860 528 154
1312 471 1880 530 PHILOSOPHIA
1918 473 2205 532 PRIMA.

340 653 518 772 ruff
559 656 630 710 11.
708 648 901 714 sunt.
1004 637 1447 737 Magnitudo
1483 641 1683 718 enim
1716 641 1931 720 lineae
1965 666 2059 718 ex
2084 642 2404 718 maxima
2432 666 2596 739 quae
2631 666 2792 717 esse

355 757 606 829 s-f-L«
708 762 961 849 potest
1016 753 1499 830 terminorum
1556 755 1912 830 distantia
1963 755 2395 832 aestimatur.
2537 757 2652 831 Ita
2701 769 2793 831 ut

285 862 618 978 2235?ss
710 865 1043 963 ejusdem
1075 866 1314 958 lineae,
1352 868 1507 941 sive
1549 892 1639 941 ea
1680 880 2008 958 extensa,
2062 869 2214 942 sive
2248 870 2634 948 incurvata
2666 871 2788 961 sit,

281 994 615 1058 proprietates·
709 980 966 1054 eadem
1003 1004 1291 1078 semper
1326 982 1424 1058 sit
1469 982 1884 1079 longitud0‚
1921 983 2094 1081 quia
2135 983 2489 1059 distantia
2537 985 2787 1059 termi-

705 1117 972 1168 norum
1005 1095 1326 1172 maxima
1359 1108 1473 1170 est
1508 1120 1799 1193 semper
1834 1098 2114 1176 eadem,

806 1208 903 1284 Et
939 1209 1287 1306 quoniam
1321 1209 1543 1301 acti0,
1581 1236 1729 1309 qua
1760 1212 2030 1286 lineam
2066 1236 2155 1285 ex
2203 1222 2412 1287 recta
2459 1235 2782 1303 curvam,

704 1322 823 1395 vel
856 1335 1118 1397 contra
1152 1348 1243 1397 ex
1279 1349 1505 1399 curva
1555 1337 1838 1402 rectam
1884 1326 2218 1414 facimuS,
2263 1326 2408 1399 alia
2459 1349 2611 1399 non
2672 1336 2785 1399 est

705 1458 925 1531 quam
959 1437 1308 1513 adductio
1334 1438 1453 1514 vel
1480 1438 1810 1514 diductio
1848 1440 2333 1516 terminorum
2362 1441 2542 1537 ejuS,
2578 1451 2782 1513 recte

704 1549 1133 1624 definiemus
1159 1551 1429 1625 lineam
1459 1577 1759 1626 curvam
1784 1578 1949 1627 esse
1981 1577 2167 1641 eam,
2199 1553 2409 1647 cujus
2432 1551 2783 1626 terminos

701 1663 961 1736 diduci
1013 1688 1248 1761 posse
1311 1663 1827 1764 intelligimus,
1900 1676 2185 1738 rectam
2252 1677 2501 1739 autem
2571 1667 2781 1760 cnjus

701 1776 1000 1850 termini
1063 1777 1320 1850 diduci
1370 1778 1708 1878 intelligi
1758 1803 1899 1852 non
1919 1788 2243 1877 poss-unt
2276 1806 2306 1860 ;
2376 1789 2451 1849 et
2486 1801 2780 1874 compa-

697 1900 883 1979 rate,
920 1891 1167 1988 magis
1196 1915 1495 1964 curvam
1524 1915 1684 1964 esse
1718 1890 1969 1984 (modo
1990 1889 2380 1988 longitudo
2409 1891 2507 1963 sit
2534 1915 2780 1987 aequa-

695 2002 817 2096 lis)
860 2027 1022 2076 eam
1058 2007 1264 2101 cujus
1316 2004 1614 2077 termini
1666 2005 1900 2101 magis
1953 2003 2201 2077 diduci
2251 2015 2585 2100 possunt.
2691 2005 2777 2076 In

698 2118 899 2189 omni
932 2129 1179 2191 autem
1231 2116 1595 2190 linearum
1631 2118 2059 2191 curvatione
2106 2117 2193 2188 fit
2244 2117 2445 2189 sinus
2481 2116 2779 2212 quidam

697 2229 850 2302 sive
918 2231 1218 2317 cavitas,
1281 2255 1446 2328 quae
1508 2231 1950 2328 quandoque
2019 2230 2115 2303 ad
2178 2254 2403 2303 unam
2461 2241 2773 2325 partem,

695 2343 1133 2440 quandoque
1162 2343 1260 2417 ad
1292 2344 1510 2417 aliam
1558 2356 1870 2441 spectat,
1907 2342 2091 2416 adeo
2132 2355 2219 2415 ut
2268 2343 2521 2416 eadem
2552 2367 2777 2416 curva

691 2456 928 2554 possit
976 2458 1248 2532 habere
1301 2458 1697 2532 cavitatem
1749 2482 1955 2531 suam
2006 2480 2297 2532 omnem
2350 2456 2445 2531 ad
2480 2457 2774 2530 easdem

692 2583 964 2668 partes,
1000 2572 1118 2645 vel
1163 2573 1436 2669 partim
1469 2572 1568 2646 ad
1613 2596 1862 2663 unam,
1907 2571 2181 2668 partim
2226 2571 2323 2644 ad
2363 2572 2771 2645 contrarias

695 2695 1174 2781 spectantem.

795 2797 1081 2872 Quibus
1165 2798 1383 2872 rebus
1467 2796 1887 2888 intellectiS‚
1954 2796 2470 2894 intelliguntur
2556 2797 2771 2870 simul

690 2923 913 2985 rectae
948 2922 1023 2984 et
1058 2935 1300 2987 curvae
1336 2911 1922 3008 comparationes
1958 2934 2121 3007 quae
2155 2922 2588 3008 sequuntur.

788 3047 844 3098 1.
901 3025 979 3099 Si
1013 3036 1238 3099 rectae
1274 3035 1351 3098 et
1386 3048 1631 3100 curvae
1665 3023 1960 3099 termini
1995 3025 2212 3096 ambo
2252 3023 2401 3099 sint
2436 3047 2764 3099 commu-

686 3161 839 3228 neS‚
878 3162 1178 3213 curvam
1229 3148 1436 3211 recta
1484 3137 1840 3232 majorem
1892 3159 2074 3209 esse.
2177 3136 2515 3209 Diductis
2571 3137 2768 3209 enim

688 3276 931 3324 curvae
967 3249 1313 3325 extremis
1357 3261 1717 3347 quantum
1749 3248 1910 3321 fieri
1944 3262 2214 3345 potest,
2249 3251 2380 3322 fiet
2415 3272 2506 3321 ex
2541 3273 2767 3321 curva

684 3376 915 3454 recta,
946 3366 1155 3462 cujus
1182 3386 1354 3460 pars
1385 3363 1526 3436 erit
1554 3386 1642 3434 ea
1671 3385 1833 3457 quae
1861 3385 1905 3433 a
1929 3361 2291 3458 principio
2321 3372 2528 3434 recta
2556 3372 2761 3444 erat;

684 3477 1000 3573 ideoque
1035 3476 1277 3550 minor
1313 3485 1473 3548 erat
1507 3486 1716 3548 recta
1750 3499 1970 3572 quam
2005 3499 2229 3549 curva
2273 3474 2413 3570 ipsi
2468 3486 2762 3549 conter-

682 3591 904 3664 mina.
1009 3591 1320 3686 Propter
1372 3588 1684 3662 eandem
1738 3612 2055 3676 causam,
2104 3611 2492 3661 curvarum
2535 3588 2761 3659 etiam

682 3704 1037 3777 terminos
1082 3703 1337 3776 ambos
1381 3700 1816 3774 habentium
1858 3722 2279 3772 communes
2339 3697 2432 3791 (si
2480 3698 2758 3772 cavitas

682 3817 1068 3915 utriusque
1105 3815 1342 3890 omnis
1379 3814 1673 3888 easdem
1706 3823 1954 3910 partes
1990 3813 2302 3908 spectet)
2343 3813 2579 3909 major
2615 3810 2758 3884 erit

681 3953 768 4003 ea
802 3955 967 4027 quae
1004 3930 1329 4004 exterior
1362 3938 1498 4002 est.

780 4065 870 4116 11.
927 4044 1236 4117 Rectam
1271 4054 1347 4117 et
1381 4065 1682 4116 curvam
1714 4040 1793 4114 in
1819 4038 2022 4113 nulla
2058 4037 2380 4125 omniun,
2410 4060 2504 4109 ne
2537 4036 2755 4110 mini-

676 4179 799 4228 ma
832 4158 1128 4253 quidem
1178 4168 1416 4257 parte,
1471 4176 1880 4252 congruere
1929 4174 2190 4250 posse;
2244 4149 2415 4246 quia
2466 4149 2528 4223 si
2578 4174 2756 4225 con-

677 4282 1055 4363 gruerent,
1109 4271 1472 4349 haberent
1532 4278 1742 4342 recta
1795 4276 1874 4341 et
1925 4287 2152 4340 curva
2194 4262 2461 4359 aliqua,
2530 4264 2750 4341 ambo

678 4393 1007 4459 extrema
1085 4397 1366 4480 puncta
1465 4378 1906 4470 communia,
1996 4375 2354 4477 simulque
2440 4387 2752 4473 propter
