3182 5102
894 490 1003 543 nn
1042 488 1578 544 nmssNsmNn
1622 491 1983 547 cmcum.
2323 480 2462 546 251

396 657 475 748 P,
512 670 589 733 et
622 658 688 732 Ο
710 658 769 732 Ρ
801 657 1025 731 ducta
1049 669 1126 732 et
1154 658 1517 754 producta
1554 671 1755 732 secet
1799 683 2054 733 arcum
2088 659 2151 733 B
2172 657 2241 733 D
2275 659 2353 733 in
2387 660 2469 750 S,
2512 669 2693 721 PARS
2715 669 2828 722 m.

395 785 472 847 et
528 796 782 845 arcum
840 773 907 845 D
930 772 997 845 G
1062 772 1544 868 quadrantem
1599 772 1963 867 reliquum
2014 772 2094 845 in
2145 772 2238 845 V.
2338 773 2474 846 Est
2538 737 2806 843 ss

392 910 573 984 ergo
614 909 826 959 arcus
876 887 938 958 B
967 886 1019 958 S
1068 886 1291 958 tertia
1336 908 1506 981 pars
1541 885 1967 981 quadrantis
2010 887 2072 960 B
2100 886 2160 958 L
2185 885 2277 958 D.
2378 886 2478 959 Et
2507 875 2775 940 P¹⁰P⁰⁸ffi⁰
2798 876 2845 925 ⁶·

395 999 618 1073 ducta
658 999 804 1072 DV
843 1000 1142 1095 aequalis
1188 998 1396 1072 radio
1445 999 1514 1071 A
1535 1000 1621 1086 B,
1679 998 2081 1095 eademque
2115 998 2477 1095 producta

393 1113 490 1187 ad
526 1112 668 1185 BA
699 1111 1134 1208 productam
1158 1112 1239 1185 in
1272 1112 1371 1200 X,
1409 1113 1550 1184 erit
1582 1112 1883 1208 aequalis
1918 1112 2276 1185 diametro
2313 1112 2474 1185 BG.

394 1228 490 1299 Et
521 1224 881 1322 producta
921 1227 995 1297 X
1022 1226 1089 1298 D
1135 1224 1231 1296 ad
1265 1225 1326 1297 Β
1350 1225 1408 1297 C
1449 1224 1884 1321 productam
1919 1224 1997 1298 in
2033 1227 2112 1315 F,
2149 1227 2291 1299 erit
2334 1225 2397 1298 B
2418 1226 2478 1297 F

397 1337 802 1435 composita
843 1362 934 1411 ex
980 1338 1041 1410 Β
1063 1337 1123 1410 C
1171 1336 1381 1410 radio
1431 1349 1506 1410 et
1556 1337 1617 1410 C
1638 1339 1694 1409 F
1742 1348 2094 1434 tangente
2127 1361 2341 1411 arcus
2377 1346 2475 1413 30

392 1452 779 1547 graduum.
907 1450 1092 1523 Dico
1162 1450 1223 1522 Β
1245 1451 1301 1522 F
1368 1451 1724 1546 aequalem
1794 1475 1950 1524 esse
2017 1452 2223 1525 arcui
2293 1453 2353 1524 Β
2381 1452 2473 1525 Ι).

392 1567 762 1663 Jungatur
805 1566 874 1637 A
902 1565 953 1637 S
1000 1576 1077 1638 et
1123 1564 1573 1661 producatur
1605 1565 1701 1638 ad
1744 1568 1806 1641 B
1833 1567 1891 1639 C
1933 1567 2011 1640 in
2050 1568 2135 1640 E.
2237 1567 2477 1640 Erunt

395 1703 571 1776 ergo
606 1681 673 1752 A
693 1680 778 1767 E,
816 1678 883 1751 D
905 1679 965 1750 F
994 1677 1361 1773 parallelae
1396 1688 1472 1750 et
1504 1677 1845 1772 aequaleS,
1883 1690 1960 1752 et
1997 1680 2058 1751 E
2082 1681 2138 1751 F
2172 1679 2474 1774 aequalis

394 1793 601 1866 radio
660 1794 722 1865 B
745 1792 851 1874 C;
922 1801 996 1863 et
1048 1792 1115 1863 A
1136 1791 1209 1863 X
1262 1790 1559 1886 aequalis
1622 1790 1751 1863 SV
1807 1791 1959 1863 sive
2019 1790 2261 1886 duplae
2317 1792 2373 1864 P
2395 1792 2470 1864 S.

397 1906 533 1978 Per
564 1915 922 2000 punctum
959 1903 1009 1976 S
1046 1902 1359 1976 ducatur
1400 1914 1607 1999 ‘recta
1652 1928 1695 1974 e
1686 1901 1768 2000 f
1791 1926 2048 1976 secans
2088 1903 2157 1975 A
2184 1903 2245 1975 Β
2286 1904 2361 1976 in
2406 1929 2471 1993 e,

395 2030 474 2091 et
507 2018 574 2090 D
598 2019 654 2090 F
686 2017 764 2090 in
780 2015 896 2114 f,·
949 2015 1232 2110 eritque
1274 2014 1396 2113 ef
1422 2015 1645 2111 tripla
1683 2016 2051 2089 semiradii
2096 2041 2140 2088 e
2165 2017 2240 2089 S.
2342 2017 2475 2090 Est

395 2143 642 2204 autem
684 2130 846 2203 AX
884 2129 1108 2225 dupla
1144 2130 1297 2202 Ae.
1399 2130 1772 2226 Jungatur
1803 2130 1876 2203 X
1902 2130 1976 2203 S.
2077 2131 2275 2226 Ergo
2319 2130 2392 2203 X
2416 2130 2468 2202 S

396 2244 658 2317 dividit
707 2242 823 2341 ef
864 2243 942 2316 in
986 2243 1271 2316 ratione
1325 2251 1356 2315 1
1408 2242 1504 2315 ad
1546 2253 1616 2316 2.
1745 2244 1943 2340 Ergo
2004 2243 2259 2316 eadem
2319 2244 2392 2317 X
2421 2245 2473 2317 S

395 2356 756 2453 producta
812 2357 908 2429 ad
962 2357 1023 2429 Β
1046 2358 1102 2429 F
1154 2357 1231 2431 in
1288 2357 1316 2429 i
1370 2368 1571 2430 secat
1626 2358 1688 2431 B
1716 2359 1772 2430 F
1824 2356 1922 2429 ad
1978 2357 2006 2429 i
2058 2356 2136 2429 in
2189 2357 2474 2431 ratione

405 2481 434 2545 l
488 2470 584 2543 ad
628 2481 699 2544 2.
800 2471 968 2544 Jam
1013 2470 1074 2543 si
1120 2472 1259 2543 BF
1304 2495 1452 2544 non
1513 2470 1611 2543 sit
1669 2470 1971 2568 aequalis
2033 2470 2237 2544 arcui
2293 2471 2469 2561 BD,

396 2585 539 2659 erit
590 2585 716 2658 illo
769 2584 887 2657 vel
939 2585 1174 2680 major
1223 2584 1341 2658 vel
1390 2584 1655 2656 minor.
1762 2584 1874 2657 Sit
1923 2584 2162 2680 primo
2215 2586 2472 2680 major.

396 2698 728 2771 Ducatur
759 2720 935 2793 ergo
970 2721 1020 2768 a
1041 2722 1089 2769 u
1133 2696 1481 2792 parallela
1528 2697 1588 2768 Β
1616 2697 1676 2768 F
1721 2719 1979 2769 secans
2013 2698 2082 2769 A
2108 2698 2170 2769 B
2203 2697 2281 2770 in
2316 2722 2366 2769 a
2401 2708 2479 2770 et

397 2813 470 2886 X
493 2813 550 2885 F
583 2812 661 2884 in
695 2835 766 2883 u.
872 2809 1128 2905 Sitque
1162 2834 1212 2881 a
1236 2835 1285 2882 u
1320 2807 1643 2905 aequalis,
1682 2809 1745 2882 si
1777 2810 1938 2881 fieri
1970 2820 2237 2904 potest,
2272 2811 2476 2883 arcui

398 2927 460 2998 B
483 2925 595 3008 D;
650 2935 992 3020 secetque
1026 2946 1281 2996 arcum
1316 2923 1378 2996 B
1400 2923 1467 2995 D
1503 2921 1581 2995 in
1615 2947 1686 2994 n.
1790 2922 2076 2995 Deinde
2109 2923 2478 2996 bisecetur

397 3061 610 3111 arcus
673 3038 733 3109 Β
757 3037 824 3109 D
886 3037 1129 3124 toties,
1199 3046 1285 3108 ut
1340 3035 1882 3131 bisegmentum
1947 3035 2289 3108 ultimum
2349 3036 2410 3108 Β
2432 3059 2476 3106 ο

399 3151 640 3224 minus
696 3151 792 3223 sit
852 3173 1071 3246 quam
1131 3148 1447 3222 semissis
1510 3171 1724 3221 arcus
1785 3149 1845 3220 Β
1867 3174 1915 3221 n
1936 3177 1966 3233 ,·
2018 3150 2226 3245 cujus
2275 3149 2477 3224 sinus

398 3275 642 3337 rectus
678 3275 791 3336 est
825 3286 954 3336 co,
1058 3261 1515 3335 Producatur
1550 3286 1591 3334 c
1619 3257 1667 3333 o
1697 3260 1795 3334 ad
1827 3261 1900 3334 X
1925 3262 1982 3334 F
2013 3262 2090 3333 in
2127 3272 2181 3353 t,
2209 3264 2477 3360 junga-

397 3388 661 3473 turque
696 3377 769 3449 X
791 3400 859 3465 0,
895 3400 1150 3464 secans
1206 3401 1249 3447 e
1239 3374 1321 3473 f
1347 3375 1425 3448 in
1455 3400 1539 3474 g.
1648 3375 1957 3449 Quoties
1993 3399 2171 3472 ergo
2206 3402 2249 3448 e
2267 3401 2330 3474 g
2363 3388 2478 3450 est

397 3491 475 3564 in
510 3491 631 3586 ef,
667 3490 884 3563 toties
919 3502 1031 3563 est
1065 3515 1107 3562 c
1128 3514 1195 3578 0,
1247 3488 1449 3562 sinus
1491 3512 1705 3562 arcus
1748 3489 1810 3562 B
1832 3511 1899 3577 ο,
1944 3489 2022 3563 in
2076 3501 2278 3562 reeta
2330 3516 2373 3563 c
2402 3501 2475 3573 t;

399 3616 475 3677 et
506 3604 722 3676 toties
770 3603 926 3698 ipse
974 3626 1188 3675 arcus
1239 3604 1365 3675 Bo
1412 3602 1490 3675 in
1531 3625 1710 3675 arcu
1763 3602 1938 3675 BD.
2043 3602 2191 3675 Sed
2224 3628 2330 3675 co
2364 3614 2478 3677 est

398 3718 638 3789 minor
671 3741 849 3790 arcu
884 3718 944 3789 Β
966 3741 1034 3805 0,
1071 3740 1248 3813 ergo
1289 3728 1447 3788 tota
1494 3741 1536 3788 c
1559 3725 1591 3787 t
1637 3715 1876 3788 minor
1927 3727 2037 3788 est
2086 3740 2264 3789 arcu
2298 3719 2360 3792 B
2382 3718 2473 3807 D,

399 3829 477 3902 id
509 3840 643 3919 est,
679 3829 919 3901 minor
951 3839 1156 3902 recta
1189 3854 1238 3901 a
1259 3854 1329 3901 u.
1407 3827 1632 3903 Quod
1660 3840 1772 3902 est
1805 3829 2227 3903 absurdum.
2302 3830 2474 3904 Non

398 3954 511 4016 est
568 3966 747 4039 ergo
804 3944 866 4017 B
887 3943 945 4014 F
995 3943 1226 4039 major
1280 3966 1500 4039 quam
1555 3966 1769 4015 arcus
1829 3943 1890 4015 Β
1912 3944 2003 4016 D.
2108 3944 2474 4016 Minorem

398 4069 643 4129 autem
678 4078 838 4128 esse
870 4079 1022 4129 non
1055 4067 1322 4151 potest,
1357 4066 1444 4129 ut
1476 4066 1648 4128 ante
1677 4066 2050 4130 ostensum
2078 4069 2211 4131 est.
2287 4058 2476 4130 Sunt

399 4193 575 4266 ergo
609 4179 812 4242 recta
846 4168 907 4240 Β
931 4171 987 4242 F
1020 4179 1097 4241 et
1129 4192 1343 4242 arcus
1379 4170 1441 4243 B
1465 4169 1532 4241 D
1568 4168 1893 4265 aequaliS.

498 4281 755 4378 Capite
821 4292 1028 4355 sexto
1096 4280 1458 4353 disserens
1526 4280 1619 4353 de
1687 4282 2058 4371 method0,
2132 4282 2210 4354 id
2278 4284 2478 4379 quod
2502 4305 2730 4383 Auulni-
2752 4311 2801 4354 et
2832 4369 2843 4380 ‚

398 4393 490 4467 de
524 4394 890 4491 analytica
920 4404 1461 4491 geometrarum
1495 4394 1621 4467 illo
1653 4394 1815 4469 loco
1849 4395 2242 4468 dicendum
2291 4411 2472 4487 erat,
2502 4368 2896 4436 “mh‘''u’qmd'
