3182 5102
705 443 797 521 72
1181 462 1712 514 COMPUTATIO
1755 463 1943 516 swa
1984 464 2308 517 LooicA.

369 635 545 749 PAIgS
580 637 626 687 1·
703 628 866 701 fieri
951 640 1201 725 potest
1285 631 1737 722 brevissima,
1827 657 2078 706 earum
2147 655 2396 705 rerum
2471 654 2781 725 quarum

379 773 627 850 *ῥ’-κ
705 740 831 813 illa
901 743 1203 818 nomina
1256 756 1454 831 sunt,
1534 746 1750 818 clarae
1818 757 1896 818 et
1946 744 2296 842 perfectae
2355 743 2566 835 ideae,
2629 746 2782 819 sive

315 839 641 953 ἓῗξξξξξζθ*
708 869 1109 951 conceptus
1156 857 1234 930 in
1290 858 1535 931 animo
1571 859 1939 931 audientis
1988 858 2426 931 excitentur.
2532 858 2784 930 Veluti

310 971 666 1097 gffgfffifflffl
711 969 773 1041 si
860 981 1146 1042 motum
1246 971 1679 1045 definiamus
1773 996 1931 1045 esse
2032 972 2177 1044 loci
2255 972 2472 1044 unius
2574 971 2783 1044 dere-

314 1098 625 1148 univemles.
708 1081 1111 1173 lictionem,
1181 1096 1258 1157 et
1325 1086 1629 1160 alterius
1697 1086 2261 1182 acquisitionem
2330 1085 2781 1157 continuam.

711 1195 903 1268 Nam
939 1197 1080 1268 etsi
1115 1221 1352 1293 neque
1386 1223 1691 1272 movens
1725 1200 1957 1272 ullum
1990 1222 2229 1294 neque
2267 1221 2488 1271 causa
2536 1211 2783 1271 motus

708 1307 786 1380 in
856 1308 1286 1383 definitione
1354 1311 1481 1384 illa
1545 1312 1982 1407 reperiatur,
2056 1322 2305 1383 tamen
2372 1334 2460 1383 ex
2530 1311 2785 1384 audita

711 1422 1047 1495 oratione
1091 1423 1238 1514 illa,
1293 1425 1462 1498 idea
1495 1438 1742 1498 motus
1777 1425 2023 1498 animo
2060 1425 2239 1497 satis
2275 1424 2469 1497 clare
2525 1425 2783 1497 obver-

695 1534 1015 1618 sabitur.
1171 1536 1494 1611 Nomina
1568 1551 1817 1612 autem
1905 1563 2152 1612 rerum
2232 1562 2397 1633 quae
2490 1562 2786 1610 causam

708 1649 980 1722 habere
1032 1675 1249 1746 posse
1305 1651 1844 1749 intelliguntur,
1900 1653 1978 1724 in
2026 1651 2455 1724 definitione
2508 1651 2782 1723 habere

711 1763 985 1836 debent
1046 1764 1280 1860 ipsam
1343 1788 1638 1838 causam
1697 1766 1849 1838 sive
1903 1764 2205 1838 modum
2259 1764 2782 1860 generationis,

708 1877 938 1950 veluti
973 1901 1139 1949 cum
1177 1879 1533 1951 circulum
1567 1878 1956 1951 definimus
1986 1901 2144 1951 esse
2179 1879 2492 1974 figuram
2534 1889 2787 1950 natam

695 2013 800 2062 ¹ex
825 1990 1380 2064 circumlatione
1408 1991 1621 2064 lineae
1656 2004 1881 2064 rectae
1903 1992 1981 2064 in
2002 1992 2250 2088 plane,
2281 1992 2406 2063 διο.
2509 1990 2788 2062 Praeter

711 2103 1200 2192 definitiones,
1261 2104 1405 2176 alia
1459 2104 1869 2200 propositio
1927 2104 2127 2177 nulla
2187 2103 2501 2177 dicenda
2550 2103 2788 2199 prima

712 2229 848 2306 est,
908 2241 1149 2313 neque.
1204 2242 1381 2314 ergo
1438 2218 1499 2290 si
1545 2218 1767 2314 paulo
1826 2218 2149 2290 severius
2184 2241 2402 2314 agere
2450 2217 2785 2290 volumus

714 2331 790 2404 in
856 2353 1245 2404 numerum
1296 2331 1831 2428 principiorum
1892 2321 2329 2404 ascribenda
2382 2343 2539 2415 est3
2613 2355 2786 2403 nam

714 2445 1080 2518 axiomata
1165 2470 1329 2541 quae
1407 2444 1777 2518 habentur
1844 2446 2044 2541 apud
2118 2444 2524 2533 Euclidem,
2613 2445 2787 2541 quia

713 2560 1205 2633 demonstrari
1249 2572 1584 2655 possunt,
1637 2560 2002 2656 principia
2048 2560 2603 2634 demonstrandi
2637 2585 2787 2634 non

715 2684 911 2763 sunt,
967 2699 1411 2770 quamquam
1446 2674 1621 2769 quia
1655 2672 2287 2746 demonstratione
2336 2698 2488 2746 non
2537 2687 2785 2769 egent,

715 2788 1044 2860 omnium
1073 2811 1437 2860 consensu
1464 2787 1999 2884 principiorum
2026 2787 2556 2860 authoritatem
2590 2811 2788 2859 asse-

715 2913 948 2996 quuta
981 2913 1177 2974 sunt.
1281 2901 1566 2973 Deinde
1594 2924 1682 2973 ea
1703 2924 1868 2995 quae
1896 2899 2270 2996 postulata
2296 2912 2373 2972 et
2390 2900 2789 2997 petitiones

715 3014 1204 3110 appellantur,
1267 3013 1632 3110 principia
1690 3013 1987 3108 quidem
2047 3035 2305 3084 revera
2371 3024 2568 3103 sunt,
2636 3037 2789 3086 non

716 3139 964 3199 tamen
1002 3126 1679 3216 demonstrationiS,
1717 3125 1848 3197 sed
1883 3125 2482 3216 constructionis,
2539 3126 2617 3198 id
2650 3139 2787 3215 est,

716 3263 868 3311 non
915 3239 1267 3327 scientiae,
1305 3239 1435 3311 sed
1487 3238 1887 3334 potentiae3
1943 3238 2095 3310 sive
2151 3238 2351 3332 quod
2403 3239 2597 3311 idem
2651 3253 2787 3329 est,

717 3377 869 3425 non
930 3352 1496 3441 theorematum,
1566 3376 1731 3447 quae
1800 3362 1974 3423 sunt
2034 3349 2595 3446 speculationeS,
2660 3353 2790 3426 sed

717 3467 1279 3561 problematum,
1357 3489 1519 3561 quae
1586 3465 1682 3537 ad
1747 3465 2034 3561 praxim
2095 3475 2172 3537 et
2239 3489 2422 3561 opus
2491 3466 2789 3562 aliquod

716 3579 1136 3652 faciendum
1202 3579 1603 3675 pertinent.
1760 3578 1895 3651 Illa
1959 3602 2134 3651 vero
2203 3590 2503 3674 recepta
2565 3580 2788 3676 vulgo

721 3693 1093 3789 dogmata,
1150 3693 1395 3789 qualia
1449 3705 1647 3775 sunt,
1704 3692 2016 3763 Natura
2066 3691 2423 3764 abhorret
2459 3717 2787 3779 vacuum,

718 3807 1029 3878 Natura
1064 3805 1258 3877 nihil
1279 3805 1608 3902 frustra
1633 3806 1882 3901 facit,
1933 3817 2009 3878 et
2045 3806 2332 3891 similia,
2384 3829 2623 3901 neque
2656 3830 2790 3902 per

719 3942 798 3990 se
884 3918 1207 4015 cognita,
1294 3943 1534 4015 neque
1621 3919 1917 3991 aliunde
2003 3918 2630 4005 demonstrabilia,
2714 3934 2791 3993 et

721 4032 987 4127 saepius
1036 4032 1222 4105 falsa
1255 4056 1476 4128 quam
1512 4057 1686 4105 vera
1718 4033 1952 4105 multo
1975 4032 2217 4106 minus
2245 4058 2381 4130 pro
2410 4033 2792 4130 principiis

719 4145 1060 4218 habenda
1104 4158 1300 4219 sunt.

822 4258 968 4331 Sed
1000 4272 1085 4333 ut
1133 4272 1462 4334 revertar
1496 4260 1595 4333 ad
1642 4260 2129 4350 definitioneS,
2175 4260 2368 4333 ratio
2407 4284 2633 4357 quare
2670 4260 2795 4332 illa
