3182 5102
1061 494 1166 545 1111
1205 494 1775 547 ANALomsMo.
2315 480 2442 545 141

378 662 707 737 rationes
742 659 884 733 AB
920 661 1015 734 ad
1050 660 1218 752 AC,
1269 674 1346 735 et
1384 661 1521 734 Ac
1552 661 1651 734 ad
1678 661 1742 733 A
1759 661 1853 749 D,
1891 672 1970 732 et
2011 684 2177 756 quae
2210 660 2451 734 deter-
2542 668 2718 717 PARS
2756 666 2826 716 1¹-

380 777 616 849 minat
677 774 1040 848 rationem
1103 774 1165 847 A
1195 718 1256 846 Β
1320 774 1417 847 ad
1474 774 1542 846 A
1567 774 1661 846 D.
1769 773 2021 848 Quare
2089 774 2254 870 (per
2308 773 2453 847 def.
2553 736 2799 839 »ΕΣ-ν

380 889 712 986 ejusdem
744 887 1053 961 rationis
1102 887 1454 961 traditam
1504 888 1716 961 artic.
1746 895 1791 959 6
1799 889 1851 979 ,)
1908 887 2102 960 ratio
2154 888 2223 960 A
2247 888 2308 959 B
2360 887 2457 960 ad
2482 874 2881 1002 Rssg‘l'ssussssm

381 1004 442 1074 A
473 1002 560 1092 C,
596 1026 748 1075 una
781 1025 950 1075 cum
983 1000 1272 1074 ratione
1308 1001 1374 1073 A
1400 1002 1460 1074 C
1499 1000 1597 1073 ad
1632 1003 1694 1072 A
1728 1000 1823 1089 D,
1853 1000 2110 1074 eadem
2139 1012 2255 1074 est
2287 1024 2457 1073 cum

381 1114 669 1188 ratione
703 1114 771 1186 A
795 1114 856 1185 B
908 1113 1004 1186 ad
1037 1114 1102 1185 A
1128 1113 1223 1185 D.

484 1228 851 1317 Secundo,
882 1227 981 1300 sit
1006 1227 1076 1299 A
1102 1227 1169 1299 D
1196 1227 1458 1324 prima,
1486 1228 1553 1300 A
1577 1227 1637 1300 C
1666 1226 2012 1315 secunda,
2035 1227 2104 1299 A
2126 1227 2187 1300 B
2212 1228 2461 1314 tertia,

382 1353 468 1416 ut
520 1341 619 1414 sit
684 1340 876 1413 ratio
946 1363 1286 1414 excessus
1346 1340 1499 1413 sive
1556 1340 1858 1435 majoris
1918 1340 2015 1413 ad
2074 1339 2456 1413 minorem.

383 1456 646 1544 Erunt,
667 1465 754 1526 ut
771 1452 1001 1550 prius,
1023 1454 1348 1526 rationes
1374 1453 1443 1525 A
1468 1454 1535 1526 D
1565 1453 1662 1526 ad
1680 1453 1748 1524 A
1771 1452 1854 1541 C,
1881 1465 1960 1526 et
1986 1453 2053 1525 A
2076 1453 2135 1525 C
2155 1453 2252 1526 ad
2276 1453 2345 1525 A
2374 1454 2460 1543 B,

385 1580 461 1641 et
488 1567 555 1640 A
577 1568 644 1641 D
666 1566 762 1641 ad
783 1566 852 1638 A
872 1566 933 1639 B
955 1566 1466 1640 determinatae
1486 1590 1532 1639 a
1557 1566 1976 1639 differentia
2002 1579 2417 1664 temporum
2440 1597 2460 1651 ;

386 1704 550 1775 quae
598 1679 721 1752 hic
756 1702 1050 1776 quoque
1100 1690 1316 1751 tanta
1363 1689 1478 1751 est
1526 1678 1607 1751 in
1658 1678 2153 1775 descriptione
2187 1680 2255 1751 A
2284 1680 2350 1752 D
2387 1690 2464 1751 et

387 1795 453 1865 A
489 1793 572 1879 C,
602 1804 679 1866 et
723 1793 800 1865 in
837 1791 1334 1887 descriptione
1368 1792 1437 1864 A
1468 1791 1529 1865 C
1562 1802 1641 1864 et
1673 1791 1742 1863 A
1772 1791 1857 1882 B,
1895 1792 2111 1865 simul
2146 1803 2462 1888 sumpta,

388 1917 665 2002 quanta
713 1917 828 1977 est
879 1905 957 1977 in
1008 1904 1505 2001 descriptione
1540 1905 1609 1976 A
1645 1905 1712 1978 D
1749 1917 1826 1978 et
1858 1906 1926 1977 A
1963 1906 2066 1978 B:
2122 1917 2236 1978 est
2286 1930 2465 2001 ergo

387 2018 578 2091 ratio
607 2017 674 2089 A
708 2018 775 2090 D
810 2017 905 2090 ad
939 2017 1008 2089 A
1037 2017 1098 2090 B
1134 2016 1437 2113 aequalis
1468 2017 1882 2091 rationibus
1915 2018 2267 2091 ambabus
2297 2020 2365 2091 A
2398 2019 2465 2091 D

388 2131 484 2204 ad
518 2131 670 2205 AC
703 2142 782 2204 et
816 2131 967 2204 AC
1000 2130 1095 2204 ad
1128 2131 1312 2203 AB.

490 2245 869 2317 Postremo
921 2243 985 2316 si
1035 2267 1183 2315 una
1222 2242 1620 2332 rationum,
1654 2267 1920 2339 nempe
1954 2245 2024 2316 A
2049 2245 2116 2318 D
2150 2244 2246 2317 ad
2281 2244 2348 2316 A
2384 2244 2471 2330 Β,

391 2357 490 2432 sit
510 2356 701 2429 ratio
724 2379 1090 2444 excessus,
1118 2354 1352 2428 altera
1384 2355 1452 2426 A
1475 2354 1536 2427 B
1572 2356 1670 2429 ad
1702 2356 1770 2427 A
1793 2356 1854 2430 C
1886 2357 2079 2429 ratio
2116 2356 2470 2445 defectus,

391 2470 498 2543 sic
526 2492 819 2567 quoque
846 2469 1038 2541 ratio
1065 2468 1134 2540 A
1154 2468 1221 2540 D
1251 2468 1348 2541 ad
1373 2468 1440 2540 A
1463 2468 1522 2541 C
1549 2469 1853 2565 aequalis
1887 2470 2030 2542 erit
2062 2470 2472 2543 rationibus

392 2584 748 2658 ambabus
783 2583 999 2656 simul
1033 2583 1103 2655 A
1136 2582 1204 2655 D
1239 2582 1335 2655 ad
1367 2582 1436 2654 A
1473 2583 1558 2671 B,
1589 2596 1668 2655 et
1706 2584 1774 2655 A
1810 2584 1871 2656 B
1899 2584 1995 2657 ad
2028 2584 2095 2656 A
2125 2584 2205 2657 C.
2278 2584 2471 2656 Nam

394 2697 813 2771 differentia
877 2708 1300 2793 temporum
1364 2696 1630 2792 quibus
1698 2697 2216 2771 describuntur
2275 2697 2345 2769 A
2378 2697 2471 2784 D,

396 2810 463 2882 A
501 2810 587 2901 B,
641 2821 757 2884 est
807 2809 1162 2907 temporis
1214 2832 1600 2894 excessus;
1681 2834 1852 2882 nam
1901 2811 2067 2907 plus
2118 2810 2473 2906 temporis

394 2923 699 3019 ponitur
721 2922 801 2995 in
826 2921 1312 2995 describenda
1337 2921 1404 2993 A
1425 2921 1518 3010 D,
1549 2945 1771 3018 quam
1804 2922 1871 2994 A
1901 2923 2005 3008 B;
2060 2922 2477 2997 differentia

393 3059 570 3109 vero
597 3035 953 3132 temporis
973 3035 1050 3107 in
1080 3033 1580 3108 describendis
1607 3035 1677 3107 A
1698 3035 1784 3125 B,
1807 3035 1874 3108 A
1897 3036 1956 3109 C
1978 3048 2091 3110 est
2118 3035 2475 3122 defectu8‚

397 3173 571 3222 nam
621 3148 864 3221 minus
914 3147 1219 3245 ponitur
1267 3147 1623 3243 temporis
1672 3147 1750 3221 in
1792 3148 2276 3222 describenda
2310 3149 2377 3221 A
2412 3149 2473 3222 B

400 3286 624 3359 quam
669 3262 739 3334 A
780 3261 862 3335 C.
969 3261 1117 3335 Sed
1170 3284 1512 3334 excessus
1566 3259 1689 3335 hic
1748 3274 1826 3336 et
1879 3262 2211 3337 defectus
2260 3262 2475 3335 simul

402 3375 678 3472 sumpti
729 3373 1008 3447 facient
1050 3374 1117 3447 D
1149 3373 1376 3446 Β-Β
1406 3373 1489 3462 C,
1528 3374 1649 3447 cui
1682 3376 1984 3471 aequalis
2014 3388 2129 3449 est
2162 3377 2229 3450 D
2258 3376 2317 3449 C
2351 3400 2476 3448 ex-

402 3511 653 3562 cessus
690 3487 913 3585 primi
946 3487 1015 3559 A
1048 3487 1115 3559 D
1152 3510 1376 3583 supra
1407 3488 1714 3561 tertium
1748 3490 1816 3561 A
1852 3489 1952 3573 C;
2007 3490 2263 3563 eadem
2299 3513 2478 3586 ergo

403 3612 521 3676 est
588 3624 811 3674 causa
875 3600 1375 3673 determinans
1435 3600 1800 3675 rationem
1860 3603 2080 3699 primi
2134 3603 2201 3675 A
2250 3603 2317 3676 D
2385 3602 2481 3675 ad

403 3714 811 3789 secundum
837 3713 906 3785 A
929 3713 1015 3803 B,
1045 3736 1214 3786 cum
1241 3713 1529 3787 ratione
1556 3715 1862 3790 secundi
1888 3716 1958 3788 A
1980 3716 2041 3788 B
2062 3716 2158 3789 ad
2178 3716 2482 3789 tertium

406 3828 476 3899 A
504 3828 586 3917 C,
623 3849 788 3923 quae
834 3825 1280 3900 determinat
1322 3827 1688 3901 rationem
1722 3830 1790 3902 A
1818 3830 1885 3902 D
1929 3829 2150 3927 primi
2190 3829 2289 3904 ad
2320 3831 2385 3902 A
2423 3831 2484 3905 C

404 3941 734 4015 tertium.
839 3940 1089 4015 Quare
1117 3941 1179 4014 si
1210 3939 1513 4030 fuerint,
1548 3943 1677 4015 &c.

510 4053 780 4127 Coroll.
826 4062 888 4126 1.
944 4054 1023 4126 Si
1052 4053 1203 4127 sint
1224 4066 1699 4151 quotcunque
1725 4055 2087 4130 rationem
2110 4056 2484 4146 habentia,

408 4166 602 4240 ratio
636 4168 856 4264 primi
900 4166 995 4240 ad
1037 4167 1383 4241 ultimum
1427 4169 1899 4264 componitur
1937 4193 2024 4241 ex
2072 4170 2483 4243 rationibus

409 4279 631 4375 primi
690 4280 787 4355 ad
854 4279 1284 4368 secundum,
1339 4281 1645 4354 secundi
1709 4282 1806 4355 ad
1856 4284 2182 4372 tertium,
2237 4295 2314 4355 et
2378 4284 2484 4356 sic

414 4392 785 4489 deinceps,
813 4417 1048 4490 usque
1083 4393 1179 4467 ad
1211 4392 1552 4467 ultimum
1581 4425 1603 4478 ;
1656 4395 1809 4468 sive
1855 4395 2111 4469 eadem
2146 4407 2260 4469 est
2292 4397 2483 4469 ratio

412 4505 632 4601 primi
675 4507 773 4581 ad
814 4507 1181 4594 ultimum,
1220 4531 1384 4602 quae
1430 4520 1544 4581 est
1587 4532 1873 4583 summa
1915 4510 2285 4583 rationum
2330 4534 2485 4581 om-
