3182 5102
600 505 752 568 xviii
1363 524 1515 568 vrra
1547 524 1706 569 Tuo.
1737 525 2021 569 nonnas.

591 693 727 778 jam
779 713 971 755 senex
1021 691 1255 756 librum
1307 691 1646 778 quendam,
1697 714 1886 778 quem
1940 692 2254 778 inscripsit
2324 698 2427 759 De
2477 696 2770 779 Corpore,

597 830 1025 894 continentem
1054 828 1294 915 logicae,
1326 828 1713 915 geometriae,
1741 828 2013 914 physicae
2045 829 2204 911 (tum
2229 829 2605 907 sublunaris,
2639 845 2773 894 tum

597 967 888 1052 coelestis)
918 966 1366 1044 fundamenta;
1410 966 1728 1030 deducens
1771 965 2039 1053 logicam
2084 966 2341 1053 quidem
2382 990 2422 1031 a
2461 966 2775 1054 significa-

599 1107 769 1170 tione
798 1105 1126 1170 nominum
1144 1129 1162 1182 ;
1206 1105 1618 1192 geometriam
1646 1117 1879 1181 autem,
1926 1118 1991 1168 et
2032 1103 2374 1190 physicam,
2418 1127 2500 1169 ex
2541 1104 2778 1191 figura·

600 1265 764 1318 rum,
794 1256 859 1305 et
888 1239 1225 1305 effectuum
1255 1238 1638 1303 naturalium
1666 1239 2198 1327 generationibus·

691 1378 987 1442 Hominis
1016 1399 1187 1462 ergo,
1220 1399 1426 1463 neque
1455 1397 1707 1463 genere,
1747 1398 1954 1462 neque
1982 1377 2225 1462 opibus,
2273 1399 2481 1463 neque
2511 1378 2779 1463 negotiis

603 1512 752 1578 belli
787 1527 899 1577 aut
940 1513 1108 1599 pacis
1152 1513 1401 1590 assueti,
1453 1513 1648 1577 vitam
1681 1513 1905 1589 scrib0,
1955 1527 2019 1577 et
2049 1513 2113 1576 in
2144 1513 2468 1600 publicum
2522 1516 2777 1591 emitt03

600 1650 712 1715 sed
763 1651 830 1714 in
879 1649 1052 1714 omni
1102 1671 1336 1735 genere
1385 1650 1664 1714 scientiae
1701 1649 2082 1727 excellentiS,
2137 1665 2202 1715 et
2247 1650 2379 1715 fere
2427 1650 2780 1738 singularis,

610 1786 811 1871 Cujus
841 1785 1167 1872 ingenium
1197 1798 1269 1848 ut
1297 1799 1746 1871 cognoscerent
1781 1786 2038 1872 (partim
2066 1788 2257 1851 etiam
2302 1801 2374 1851 ut
2417 1809 2530 1851 sua
2571 1802 2781 1851 osten-

605 1921 844 2003 tarent)
879 1934 1310 1986 convenerunt
1348 1943 1495 1986 eum
1524 1921 1644 1984 viri
1693 1922 2032 2002 innumeri,
2087 1937 2224 1987 tum
2269 1937 2595 1999 nostrateS,
2645 1937 2781 1986 tum

603 2060 846 2136 exteri3
892 2073 957 2123 et
986 2058 1152 2121 inter
1195 2057 1332 2122 illos
1383 2059 1674 2123 nonnulli
1718 2060 1908 2147 legati
1955 2062 2331 2148 principum,
2380 2060 2613 2148 aliique
2665 2060 2782 2123 viri

607 2191 994 2261 nobilissimi.
1113 2193 1316 2272 Adeo,
1377 2208 1450 2258 ut
1507 2197 1868 2281 conjectura
1918 2196 2066 2262 inde
2115 2198 2280 2262 facta
2330 2197 2411 2261 de
2462 2196 2784 2261 voluntate

606 2334 936 2398 hominum
965 2330 1376 2408 eruditorum,
1427 2333 1537 2420 qui
1565 2333 1823 2419 posthac
1867 2348 2074 2410 erunt,
2124 2357 2251 2398 non
2302 2334 2620 2421 ingratum
2650 2332 2785 2396 sore

607 2469 959 2557 posteritati
987 2468 1356 2544 existimavi,
1403 2468 1454 2532 si
1486 2491 1675 2556 quern
1720 2469 1943 2534 vidisse
1973 2469 2325 2548 voluerunt,
2380 2469 2544 2533 illius
2589 2469 2782 2532 vitam

607 2607 805 2672 literis
835 2606 1180 2693 posteritati
1211 2604 1559 2683 traderem3
1590 2608 1906 2693 praecipue
1930 2607 2204 2694 quidem,
2238 2622 2310 2672 ut
2338 2631 2482 2694 quae
2512 2606 2783 2671 scientiis

611 2745 717 2808 ille
760 2743 999 2831 primus
1050 2741 1313 2818 addidit,
1369 2741 1600 2806 deinde
1646 2742 1836 2807 etiam
1881 2759 2109 2809 caetera
2154 2745 2300 2808 vitae
2350 2745 2503 2830 ejuS,
2558 2765 2702 2829 quae
2746 2765 2786 2806 a

611 2880 948 2947 lectoribus
978 2878 1318 2942 desiderari
1346 2900 1525 2964 posse
1553 2878 1957 2958 videbuntur,
1990 2895 2452 2968 cognoscerent.

704 3020 871 3094 Quae
901 3017 1145 3103 scripsit
1163 3022 1267 3083 De
1285 3021 1448 3082 Jure
1464 3021 1783 3098 naturali,
1805 3023 1908 3084 De
1932 3021 2389 3085 Constitutione
2412 3022 2786 3093 Civitatum',

616 3160 720 3222 De
745 3160 909 3221 Jure
936 3176 1170 3228 eorum,
1204 3157 1315 3240 qui
1340 3174 1656 3216 summam
1685 3153 1921 3218 habent
1949 3156 2335 3219 Potestatem
2358 3182 2380 3224 ‚·
2435 3156 2532 3218 De
2553 3153 2795 3239 Officiis

622 3296 893 3367 Civium,
943 3290 1007 3352 in
1056 3288 1233 3352 libris
1281 3289 1641 3352 Leviatlmn
1688 3300 1753 3350 et
1780 3290 1884 3353 De
1917 3292 2068 3353 Cive
2102 3287 2278 3374 (quia
2305 3288 2474 3351 domi
2520 3288 2794 3375 forisque

618 3440 788 3502 nota,
820 3440 885 3489 et
908 3425 1181 3489 maxime
1211 3423 1526 3488 celebrata
1553 3424 1729 3505 sunt)
1765 3423 2206 3509 praetereunda
2234 3446 2475 3489 censeo.

711 3560 788 3624 In
838 3561 1106 3648 physicis
1169 3581 1418 3624 causam
1476 3581 1793 3636 sensuum,
1848 3560 2165 3646 praecipue
2224 3561 2406 3637 visus,
2470 3582 2598 3623 una
2653 3580 2798 3622 cum

623 3697 911 3763 doctrina
950 3697 1124 3761 omni
1153 3696 1377 3782 optica,
1427 3708 1492 3759 et
1534 3708 1765 3759 natura
1796 3694 1970 3772 lucis,
2018 3695 2405 3760 refractionis
2448 3695 2799 3759 reflection-

624 3837 803 3923 isque
833 3858 1046 3900 causas
1075 3833 1410 3910 naturale&
1451 3834 1697 3920 ignotas
1725 3846 1893 3909 ante,
1938 3833 2178 3919 primus
2221 3831 2690 3906 demonstravit,
2731 3829 2798 3893 in

621 3972 786 4038 libro
858 3977 962 4039 De
1031 3974 1308 4036 Hom-ine
1339 3997 1358 4036 .·
1430 3971 1583 4034 item
1655 3991 1871 4034 causas
1943 3969 2318 4057 qualitatum
2391 3967 2795 4044 sensibilium,

625 4108 925 4173 nimirum
956 4106 1256 4182 colorum,
1288 4106 1444 4183 soni,
1476 4105 1717 4182 caloriS,
1750 4120 1814 4169 et
1843 4104 2107 4192 frigoris.
2201 4105 2461 4169 Somnia
2486 4117 2698 4168 autem
2737 4117 2802 4167 et

628 4244 1083 4331 phantasmata,
1126 4265 1271 4329 quoe
1313 4256 1500 4306 antea
1542 4264 1658 4329 pro
1694 4242 2014 4328 spiritibus
2042 4256 2107 4306 et
2135 4256 2524 4306 mortuorum
2576 4239 2800 4304 animis

629 4379 1046 4455 habebantur,
1092 4392 1157 4443 et
1184 4378 1329 4442 rudi
1360 4378 1549 4466 vulgo
1580 4379 2089 4444 terriculamenta
2115 4392 2316 4456 erant,
2348 4378 2559 4442 omnia
2588 4375 2800 4463 profli-

628 4515 820 4596 gavit.
933 4515 1202 4579 Causam
1256 4529 1466 4580 autem
1523 4530 1794 4581 aestuum
1837 4516 2225 4579 marinorum
2275 4528 2342 4578 et
2386 4512 2801 4578 descensionis

638 4653 928 4739 gravium
954 4675 994 4717 a
1021 4667 1195 4718 motu
1240 4651 1515 4740 quodam
1568 4651 1807 4717 telluris
1851 4653 2175 4740 perspicue
2221 4651 2542 4716 derivavit.
2637 4649 2801 4714 Nam
