3182 5102
752 493 858 545 DE
897 493 1234 546 memus
1275 491 1951 544 nnmcmNTlnus.
2239 478 2382 544 219

325 654 437 733 est
469 660 709 757 figura
740 662 806 735 A
830 664 891 735 B
921 663 980 735 C
1001 662 1067 735 D
1102 662 1194 735 ad
1231 662 1847 758 complementum
1883 663 2039 758 ejus
2074 661 2386 734 ADCE.
2434 665 2615 716 PARS
2653 668 2739 717 ¹¹¹·

324 774 420 846 Et
461 775 1012 871 componendo:
1066 788 1151 848 ut
1196 775 1386 847 ratio
1440 774 1504 847 G
1533 775 1614 846 M
1667 775 1761 847 ad
1812 774 1876 847 G
1907 775 1967 847 L
2021 797 2169 847 una
2220 797 2388 846 cum
2449 734 2730 838 *lje—2

325 885 610 959 ratione
646 887 791 960 GL
823 887 917 960 ad
952 887 1106 960 GN
1144 899 1258 959 est
1304 886 1400 959 ad
1439 887 1806 960 rationem
1851 887 1915 960 G
1938 888 2017 959 M
2072 887 2168 960 ad
2210 886 2274 959 G
2302 887 2384 974 L,

327 998 434 1071 ita
493 1012 607 1071 est
661 1000 1027 1097 completa
1084 1000 1144 1072 Β
1170 1001 1230 1072 Ε
1291 999 1386 1072 ad
1454 1001 1764 1096 figuram
1831 1001 1899 1072 A
1927 1002 1987 1074 Β
2017 1001 2075 1074 C
2104 1000 2194 1073 D.
2295 1001 2392 1072 Et

330 1112 871 1185 convertendo:
940 1125 1027 1184 ut
1083 1112 1272 1185 ratio
1330 1112 1394 1185 G
1421 1113 1504 1185 M
1562 1113 1656 1186 ad
1717 1113 1781 1186 G
1803 1114 1863 1186 L
1914 1113 2008 1186 ad
2069 1113 2392 1186 rationes

330 1224 579 1296 ambas
629 1224 795 1296 GM
841 1225 937 1297 ad
985 1224 1134 1297 GL
1181 1236 1257 1296 et
1308 1224 1454 1297 GL
1502 1225 1599 1297 ad
1652 1226 1851 1310 GN;
1903 1227 2047 1300 hoc
2110 1239 2243 1316 est,
2298 1227 2394 1299 ad

329 1338 692 1411 rationem
740 1361 831 1410 ex
864 1349 1175 1433 utraque
1225 1338 1706 1434 compositam
1741 1338 1805 1411 G
1827 1339 1906 1411 M
1943 1339 2039 1412 ad
2074 1340 2138 1413 G
2159 1340 2254 1428 N,
2289 1339 2397 1412 ita

331 1463 444 1524 est
469 1453 708 1546 figura
739 1451 807 1522 A
831 1451 892 1522 Β
916 1451 975 1524 C
998 1451 1064 1523 D
1099 1451 1193 1524 ad
1223 1451 1659 1548 completam
1691 1453 1842 1525 ΒΕ.
1923 1454 2103 1525 Erat
2123 1464 2394 1541 autem,

329 1577 415 1636 ut
447 1563 637 1637 ratio
674 1563 738 1636 G
760 1564 982 1637 M-ad
1024 1564 1088 1637 G
1111 1566 1170 1638 L
1214 1565 1310 1637 ad
1342 1565 1703 1638 rationem
1739 1566 1803 1639 G
1828 1566 1911 1638 M
1947 1565 2040 1638 ad
2076 1565 2256 1653 GN,
2292 1565 2400 1638 ita

328 1677 566 1773 figura
609 1676 675 1749 A
702 1678 770 1748 N
796 1678 829 1749 Ι
856 1678 916 1750 Β
967 1677 1062 1750 ad
1113 1678 1728 1774 complementum
1782 1702 1995 1751 suum
2042 1679 2107 1751 A
2137 1677 2207 1750 N
2239 1679 2272 1750 Ι
2304 1679 2395 1750 K.

332 1790 522 1863 Sunt
569 1814 747 1886 ergo
790 1790 1106 1863 ABCD.
1172 1792 1302 1864 BE
1328 1819 1378 1862 2:
1404 1789 1697 1863 ANIB.
1756 1790 2039 1863 ΑΝΙΚ
2091 1814 2402 1887 propor-

333 1903 667 1976 tionales.
737 1904 834 1975 Et
869 1903 1420 2000 componendo:
1474 1904 1542 1976 A
1570 1904 1631 1976 Β
1655 1904 1713 1977 C
1735 1903 1801 1976 D
1819 1905 1953 1989 ÷B
1973 1905 2056 1976 Ε.
2094 1904 2238 1976 ΑΒ
2262 1903 2401 1976 CD

338 2045 390 2089 2:
447 2017 507 2089 Β
531 2017 624 2088 Κ.
723 2017 791 2088 Α
816 2016 886 2089 Ν
916 2017 949 2088 Ι
975 2017 1035 2089 Β
1111 2028 1284 2088 sunt
1356 2015 1967 2112 proportionales.
2089 2017 2186 2088 Et
2267 2016 2401 2089 du-

335 2129 605 2226 plando
673 2130 1225 2225 consequentia,
1285 2130 1353 2202 A
1375 2130 1435 2202 Β
1459 2130 1518 2202 C
1540 2129 1607 2201 D
1628 2158 1682 2216 4.
1698 2130 1758 2202 Β
1779 2130 1863 2201 Ε.
1923 2138 1967 2202 2
1999 2128 2065 2201 Α
2091 2129 2151 2201 Β
2174 2129 2233 2201 C
2253 2128 2319 2201 D
2345 2156 2399 2200 :z

341 2243 401 2315 Β
426 2242 519 2314 Κ.
572 2250 616 2314 2
653 2242 721 2314 Α
748 2241 818 2314 Ν
850 2242 880 2314 Ι
910 2243 970 2315 Β
1006 2253 1179 2313 sunt
1205 2241 1816 2337 proportionales,
1917 2242 2013 2313 Et
2049 2242 2403 2315 sumendo

342 2355 583 2427 tertiae
607 2367 683 2427 et
710 2368 989 2451 quartae
1013 2353 1338 2443 dimidia,
1391 2355 1459 2426 A
1482 2355 1542 2427 Β
1566 2354 1625 2427 C
1648 2354 1714 2426 D
1732 2355 1864 2437 ÷B
1886 2356 1970 2427 E.
2025 2364 2069 2428 2
2098 2355 2163 2427 A
2188 2356 2248 2428 Β
2266 2354 2403 2427 CD

345 2494 399 2539 τε
423 2467 488 2539 A
512 2468 572 2540 Β
594 2468 652 2539 Ι.
734 2467 802 2538 Α
824 2467 891 2539 Ν
918 2468 951 2539 Ι
977 2468 1037 2540 Β
1072 2478 1245 2539 sunt
1277 2466 1888 2564 proportionales,
1994 2467 2213 2541 Quod
2249 2480 2408 2541 erat

340 2581 826 2677 probandum,

455 2703 567 2768 10.
619 2695 730 2766 Ex
766 2694 852 2767 iis
889 2718 1053 2790 quae
1087 2694 1178 2767 de
1213 2693 1467 2789 figuris
1515 2694 2025 2767 deficientibus
2060 2694 2136 2768 in
2170 2697 2409 2792 paral·
2432 2707 2701 2785 ‘l'rpmlatio
2724 2721 2833 2770 Ρω-

343 2807 822 2904 lelogrammo
857 2806 1242 2903 descriptis
1278 2806 1477 2880 dicta
1510 2819 1706 2897 sunt,
1741 2808 2053 2881 inveniri
2099 2821 2411 2905 possunt
2433 2781 2831 2900 {fnefainuffqffi'ff

347 2921 776 3017 spatiorum,
860 2945 1023 3016 quae
1109 2920 1614 2994 determinatis
1682 2922 2135 3019 temporibus
2204 2936 2411 2996 motu
2434 2902 2834 3030 ξὲξῖζῑξζξζξρ,

347 3033 757 3107 accelerato
782 3045 1337 3129 percurruntur,
1371 3034 1466 3107 ad
1502 3035 1661 3130 ipsa
1696 3047 2031 3132 tempora
2066 3036 2411 3121 rationeS,
2438 3031 2837 3160 ggggfflfss·

344 3158 569 3244 prout
616 3170 765 3219 uno
799 3146 916 3218 vel
949 3146 1281 3242 pluribus
1327 3146 1677 3242 gradibus
1724 3148 2076 3222 velocitas
2124 3149 2413 3222 mobilis
2440 3163 2593 3211 tione·
2629 3162 2801 3224 matio-

350 3259 656 3355 singulis
690 3271 1004 3355 augetur
1037 3259 1514 3355 temporibus,
2438 3227 2837 3340 ξῗζξῗζῗζξξ·

454 3372 568 3444 Sit
595 3372 791 3444 enim
826 3373 933 3464 (in
967 3374 1092 3468 fig.
1139 3374 1220 3465 6)
1266 3372 2029 3470 parallelogrammum
2069 3375 2137 3446 A
2159 3374 2219 3446 B
2242 3374 2301 3446 C
2322 3374 2414 3463 D,
2441 3357 2753 3470 ζξὲοζζΐ

353 3484 431 3557 in
455 3508 599 3579 qua
623 3483 1073 3581 descriptum
1102 3483 1198 3557 sit
1232 3484 1607 3558 trilineum
1642 3485 1708 3558 D
1730 3487 1790 3558 E
1815 3488 1875 3560 Β
1904 3487 1963 3560 C
1987 3519 2005 3570 ;
2051 3487 2418 3583 ductaque

354 3597 514 3670 basi
548 3597 897 3693 parallela
930 3598 1345 3692 ubicunque
1379 3598 1513 3671 FG
1544 3611 1745 3672 secet
1782 3599 1920 3672 BD
1957 3600 2422 3697 diagonalem

354 3709 432 3781 in
471 3710 569 3798 H,
609 3733 907 3782 curvam
944 3711 1083 3783 BE
1106 3710 1172 3783 D
1208 3710 1286 3782 in
1322 3712 1426 3795 E;
1481 3712 1721 3808 sitque
1757 3713 1945 3786 ratio
1978 3714 2038 3786 Β
2062 3714 2120 3787 C
2153 3714 2248 3787 ad
2284 3714 2423 3787 BF

355 3822 665 3895 rationis
730 3824 786 3895 F
812 3823 876 3896 G
933 3823 1029 3896 ad
1095 3824 1152 3896 F
1172 3825 1257 3906 E,
1319 3825 1632 3920 exempli
1695 3850 1939 3914 causa,
2001 3826 2375 3922 triplicata
2401 3857 2419 3910 ;

357 3935 499 4008 erit
535 3959 711 4032 ergo
749 3937 986 4031 figura
1020 3935 1086 4008 D
1108 3936 1169 4008 E
1194 3936 1254 4008 Β
1277 3936 1336 4008 C
1370 3937 1889 4033 complementi
1941 3938 2053 4011 sui
2104 3939 2164 4011 Β
2184 3940 2245 4012 Ε
2267 3939 2333 4012 D
2356 3940 2424 4011 A

358 4048 603 4144 tripla,
728 4048 1081 4121 Similiter
1149 4048 1374 4121 ducta
1441 4050 1474 4121 I
1503 4051 1563 4122 E
1629 4051 1980 4147 parallela
2039 4051 2180 4147 ipsi
2250 4053 2310 4125 Β
2340 4052 2421 4141 C,

359 4163 598 4258 figura
625 4162 901 4235 trilinei
928 4163 988 4233 E
1017 4162 1084 4233 K
1113 4163 1173 4235 Β
1194 4163 1250 4234 F
1285 4162 1427 4234 erit
1475 4163 1697 4260 tripla
1744 4164 2259 4260 complementi
2313 4164 2426 4237 sui

363 4275 425 4347 B
439 4276 577 4348 ΚΕ
591 4276 649 4348 Ι.
719 4276 959 4347 Erunt
979 4275 1206 4370 igitur
1233 4276 1427 4348 inter
1448 4300 1525 4348 se
1553 4278 1809 4374 figurae
1831 4277 2239 4350 deficientis
2261 4302 2428 4374 par-

362 4400 500 4480 teS,
535 4413 580 4461 a
598 4387 876 4462 vertice
896 4387 1234 4462 abscissae
1253 4413 1308 4461 -a
1330 4389 1549 4464 rectis
1567 4390 1723 4464 basi
1743 4391 2130 4487 parallelis,
2167 4415 2427 4487 nempe
