3182 5102
811 430 918 482 DE
960 428 1388 482 Umvaaso
1431 428 1529 479 Εἰ·
1568 425 2068 479 sxnmussus.
2329 408 2470 471 355

398 602 653 687 solem,
710 611 795 672 ut
845 600 1064 673 modo
1125 622 1376 683 unum,
1434 594 1655 669 modo
1710 594 2022 667 alterum
2073 591 2184 663 sui
2239 588 2473 661 hemi-
2554 593 2725 707 ΡΑῐὲξ
2752 593 2840 641 IV·

400 714 797 811 sphaerium
831 714 965 787 soli
1000 712 1361 801 ostendat,
1399 709 1794 805 quaerenda
1839 732 2059 782 causa
2103 717 2213 779 est
2248 727 2472 800 quare
2572 691 2819 764 »ψ’-ν

398 829 594 901 lunae
626 827 849 900 facies
886 839 1101 899 terrae
1136 824 1541 898 obvertitur
1577 846 1864 918 semper
1897 821 2175 895 eadem.
2499 799 2829 911 ζῗζςὲζξζζε

502 940 614 1014 Sit
648 964 822 1035 ergo
861 940 971 1032 (in
1003 941 1128 1034 fig.
1166 940 1244 1032 4)
1287 936 1643 1025 circelluS,
1680 936 1757 1007 in
1794 959 1940 1029 quo
1992 944 2330 1006 movetur
2363 929 2471 1003 sol
2495 937 2849 1042 ffiffigfungpe‘

401 1065 611 1126 motu
671 1052 1000 1148 simplice
1059 1051 1209 1149 fg
1230 1051 1278 1123 h
1308 1052 1358 1140 i,
1423 1052 1633 1146 cujus
1696 1060 2033 1121 centrum
2102 1057 2156 1136 t,
2228 1046 2468 1141 sitque
2495 1059 2678 1109 eadem·

401 1179 620 1239 terrae
654 1167 897 1239 orbita
949 1189 1196 1238 annua
1247 1196 1304 1239 φ
1350 1193 1409 1237 <a
1459 1191 1517 1229 z»-
1563 1186 1654 1251 νς,
1705 1175 1781 1234 et
1829 1186 1878 1233 α
1913 1161 2206 1234 initium
2241 1160 2472 1233 librae.

403 1281 619 1354 Circa
649 1292 1008 1377 punctum
1044 1305 1092 1352 a
1128 1278 1588 1351 describatur
1641 1276 1977 1348 circellus
2037 1274 2070 1347 l
2086 1275 2156 1356 Ic,
2206 1274 2283 1346 in
2331 1297 2475 1367 quo

399 1394 856 1490 intelligatur
889 1393 1168 1466 moveri
1203 1404 1541 1465 centrum
1590 1404 1808 1462 terrae
1854 1402 2066 1461 motu
2117 1385 2474 1482 simplice,

399 1519 478 1580 et
527 1518 918 1602 utrumque
975 1505 1203 1579 solem
1265 1516 1342 1576 et
1403 1517 1677 1576 terram
1736 1502 2017 1575 moveri
2072 1499 2479 1573 secundum

344 1673 348 1676 >
401 1620 781 1716 signorum
832 1619 1186 1692 ordinem.
1292 1618 1568 1689 Centro
1620 1641 1669 1688 a
1722 1616 2183 1689 describatur
2235 1613 2480 1687 orbita

401 1732 594 1805 lunae
639 1757 707 1804 m
727 1758 775 1804 n
796 1756 912 1829 op
936 1759 964 1814 ;
1017 1731 1258 1825 sitque
1292 1755 1341 1826 q
1365 1754 1408 1801 r
1441 1729 1803 1802 diameter
1851 1728 2107 1801 circuli
2156 1727 2476 1801 secantis

399 1846 701 1942 globum
733 1844 929 1916 lunae
964 1844 1039 1915 in
1076 1843 1222 1916 duo
1249 1842 1789 1938 hemisphaeria,
1820 1866 2135 1939 quorum
2165 1842 2479 1915 alterum

401 1984 448 2031 a
481 1958 716 2032 nobis
742 1958 1196 2053 conspicitur
1243 1957 1320 2029 in
1366 1956 1795 2053 plenilunio,
1844 1956 2159 2029 alterum
2193 1980 2239 2028 a
2265 1954 2478 2027 nobis

401 2072 803 2155 avertitur3
857 2072 1000 2143 erit
1027 2071 1256 2166 igitur
1283 2070 1641 2143 diameter
1676 2071 1869 2143 lunae
1903 2093 2088 2166 qor‚
2125 2080 2350 2142 rectae
2387 2078 2479 2140 ta

401 2183 1050 2281 perpendicularis.
1158 2184 1419 2256 Fertur
1441 2207 1618 2279 ergo
1642 2183 1841 2272 luna,
1865 2194 2171 2280 propter
2197 2195 2479 2255 motum

403 2311 647 2386 terrae,
686 2297 779 2369 ab
815 2322 857 2367 o
893 2320 1149 2368 versus
1171 2321 1261 2393 p,
1309 2295 1440 2367 sed
1482 2296 1744 2368 eodem
1789 2309 2122 2392 tempore
2171 2295 2233 2368 si
2281 2309 2479 2369 esset

403 2410 483 2482 in
505 2434 570 2507 p
605 2410 945 2495 ferretur,
980 2420 1285 2505 propter
1331 2421 1615 2480 motum
1662 2409 1858 2498 solis,
1911 2433 1957 2480 a
1992 2434 2057 2505 p
2101 2432 2355 2481 versus
2410 2434 2476 2481 0.

404 2524 665 2619 Itaque
700 2547 745 2596 a
778 2522 1063 2596 duobus
1098 2522 1175 2594 in
1212 2521 1586 2595 contraria
1612 2522 2077 2596 moventibus
2113 2521 2480 2597 rotabitur

403 2649 613 2709 recta
644 2662 693 2733 q
717 2661 783 2725 r,
820 2649 897 2709 et
932 2637 1010 2708 in
1060 2635 1474 2731 quadranta
1526 2635 1825 2732 quidem
1876 2635 2132 2708 circuli
2179 2661 2315 2708 mn
2337 2661 2477 2734 op,

407 2762 694 2823 tantum
734 2760 1014 2846 quanta
1047 2760 1160 2821 est
1195 2747 1587 2820 rotationis
1624 2748 1934 2844 integrae
1967 2774 2137 2844 pars
2174 2762 2478 2844 quarta;

405 2862 771 2935 existente
800 2887 977 2959 ergo
998 2863 1175 2935 luna
1194 2862 1271 2933 in
1286 2887 1375 2959 p,
1399 2862 1542 2934 erit
1576 2886 1682 2959 qr
1708 2863 2056 2958 parallela
2082 2875 2306 2937 rectae
2334 2889 2477 2936 mc.

408 2975 776 3063 Secundo,
803 2986 1106 3071 propter
1132 2985 1419 3046 motum
1454 2985 1696 3060 terrae,
1726 2976 2021 3070 quando
2046 2977 2223 3049 luna
2257 2989 2368 3050 est
2404 2978 2479 3049 in

406 3114 500 3177 m,
538 3088 679 3161 erit
711 3113 756 3184 q
787 3112 832 3158 r
866 3088 943 3161 in
970 3088 1131 3184 ipsa
1164 3111 1232 3158 m
1253 3112 1295 3157 o
1317 3114 1348 3170 ;
1401 3088 1800 3161 accedente
1850 3113 2027 3185 ergo
2062 3104 2268 3163 motu
2305 3092 2478 3164 solis

407 3214 676 3296 agente
735 3225 869 3297 per
930 3200 1418 3297 quadrantem
1457 3227 1524 3298 p
1547 3227 1640 3290 m,
1704 3227 2059 3276 conversa
2125 3205 2267 3277 erit
2334 3229 2384 3301 q
2411 3228 2477 3292 r,

409 3326 700 3387 tantum
751 3326 1030 3410 quanta
1073 3324 1186 3388 est
1235 3314 1380 3387 alia
1430 3326 1697 3409 quarta
1754 3340 1925 3411 pars
1980 3318 2480 3391 conversionis

408 3427 664 3500 totius.
764 3426 1147 3500 Existente
1190 3449 1366 3523 ergo
1401 3427 1579 3500 luna
1624 3428 1703 3500 in
1745 3454 1836 3517 m,
1891 3429 2032 3501 erit
2082 3456 2131 3527 q
2160 3454 2204 3501 r
2254 3443 2480 3504 rectae

406 3564 532 3611 om
565 3539 1213 3636 perpendicularis,
1301 3540 1576 3613 Eadem
1602 3540 1890 3615 ratione
1917 3542 2093 3615 luna
2118 3545 2480 3618 existente

409 3654 488 3725 in
524 3679 594 3743 n,
633 3653 776 3726 erit
809 3677 913 3749 qr
947 3666 1170 3726 rectae
1206 3677 1328 3724 mo
1362 3654 1753 3749 parallela;
1807 3669 1883 3728 et
1916 3657 2272 3730 redeunte
2306 3658 2481 3732 luna

409 3766 510 3840 ad
561 3792 603 3837 o
658 3766 931 3839 redibit
991 3792 1038 3863 q
1062 3790 1106 3837 r
1173 3766 1267 3839 ad
1327 3766 1573 3839 locum
1629 3768 1868 3864 primo
1936 3783 2333 3867 sumptum,
2404 3785 2503 3845 et'

410 3903 678 3977 corpus
723 3880 918 3954 lunae
972 3880 1049 3952 in
1101 3904 1252 3953 una
1300 3880 1606 3975 periodo
1658 3881 1881 3955 faciet
1927 3907 2151 3956 unam
2187 3908 2480 3981 quoque

412 3993 970 4067 conversionem
1038 4016 1257 4091 super
1315 4018 1530 4067 axem
1588 3997 1969 4092 proprium
2001 4028 2017 4080 3
2084 4021 2229 4093 quo
2280 3997 2479 4071 facto

409 4105 885 4178 manifestum
934 4117 1048 4179 est
1102 4107 1408 4179 eandem
1455 4131 1742 4205 semper
1791 4108 1986 4183 lunae
2036 4110 2299 4184 faciem
2351 4114 2483 4186 ob-

409 4219 601 4291 verti
639 4230 881 4292 terrae.
988 4219 1213 4293 Quod
1244 4220 1307 4293 si
1349 4246 1397 4316 q
1427 4245 1496 4292 m
1547 4235 1743 4294 esset
1792 4222 2148 4297 diameter
2182 4225 2479 4315 circelli‚

409 4333 488 4404 in
537 4356 684 4427 quo
729 4331 1047 4405 ferretur
1088 4332 1265 4405 luna
1314 4345 1524 4406 motu
1574 4334 1928 4431 simplice,
1985 4335 2180 4410 idem
2232 4352 2480 4413 tamen

2092 4472 2199 4523 ΑΛ
2238 4463 2282 4524 2
