3182 5102
861 535 1030 578 vrrae.
1064 535 1435 580 nonmANAE
1471 535 1891 580 Auc‘rAmuM.
2313 516 2486 579 xxvii

293 698 567 762 animum
595 698 848 786 adjecit,
874 700 1057 765 aliter
1085 700 1502 787 proculdubio
1532 701 1619 766 ob
1646 700 1955 786 praeclara
1989 701 2245 765 inventa
2281 701 2485 766 Musis

295 850 353 899 et
382 836 666 922 Apollini
699 838 1100 903 hecatombas
1131 837 1482 903 immolasse
1525 838 1869 924 potuisset3
1914 853 2027 903 aut
2070 852 2257 915 certe,
2307 837 2478 925 quod

296 996 532 1039 summe
559 975 912 1061 optandum
944 975 1121 1052 soret,
1169 975 1537 1041 adversariis
1570 978 1881 1041 minorem
1913 979 2117 1064 ipsum
2147 977 2480 1042 vellicandi

298 1133 507 1175 ansam
536 1111 934 1198 praebuisset.

385 1248 578 1312 Anno
612 1251 770 1312 1631
808 1248 875 1310 in
910 1246 1215 1311 Devoniae
1262 1248 1587 1313 Comitum
1617 1247 1921 1313 familiam
1951 1263 2276 1313 revocatus
2305 1262 2399 1311 est
2441 1270 2481 1312 a

306 1382 634 1448 Comitissa
662 1383 872 1461 vidua,
902 1382 988 1447 ad
1015 1382 1217 1447 filium
1250 1384 1387 1469 jam
1416 1383 1862 1449 tredecennem
1902 1386 1968 1447 in
2004 1385 2200 1449 literis
2230 1385 2480 1449 institu-

304 1517 556 1583 endum.
648 1517 863 1604 Hujus
892 1519 1105 1605 itaque
1133 1540 1352 1583 curam
1382 1541 1497 1604 pro
1525 1532 1710 1606 grato
1739 1541 1892 1607 erga
1932 1535 2227 1606 paternos
2270 1542 2485 1585 manes

304 1652 529 1718 affectu
587 1652 997 1717 libentissime
1046 1653 1338 1739 suscepit,
1400 1669 1466 1719 et
1523 1654 1828 1741 singulari
1887 1677 2033 1719 cum
2082 1654 2323 1741 judicio
2372 1678 2487 1741 per

305 1810 557 1853 amoena
608 1787 959 1853 studiorum
1012 1788 1095 1853 ad
1145 1812 1358 1854 rerum
1417 1791 1844 1877 cognitionem
1894 1790 2231 1877 perduxit3
2300 1814 2489 1878 quem

309 1923 493 1988 hodie
525 1925 592 1986 in
622 1922 808 1988 viridi
852 1939 1104 1989 senecta
1150 1927 1565 1990 constitutum
1610 1926 1869 1991 illustris
1911 1927 2166 1994 familiae
2212 1928 2490 2014 pruden-

310 2060 615 2124 tissimum
644 2073 888 2145 patrem
920 2075 1073 2126 aetas
1103 2077 1319 2126 nostra
1347 2062 1573 2127 merito
1604 2077 1958 2127 veneratur.

397 2195 585 2260 Circa
605 2195 746 2261 haec
768 2210 1052 2282 tempora
1068 2198 1135 2261 in
1155 2197 1361 2263 lucem
1387 2196 1625 2284 prodiit
1643 2198 1883 2283 primus
1907 2198 2234 2264 Hobbiani
2256 2200 2492 2287 ingenii

310 2347 546 2418 partus»,
602 2330 991 2396 nobilissima
1037 2331 1147 2397 illa
1193 2332 1587 2420 Thucydidis
1617 2356 1654 2397 e
1685 2334 1916 2399 Graeco
1952 2335 2020 2398 in
2065 2335 2494 2423 Anglicanum

312 2489 662 2533 sermonem
692 2468 914 2544 versio,
945 2467 1191 2533 caeteris
1220 2469 1536 2546 omnibu&
1583 2492 1730 2557 quae
1769 2492 1926 2557 gens
1954 2483 2169 2536 nostra
2212 2494 2493 2561 unquam

314 2606 489 2685 vidit,
520 2605 931 2693 antiquorum
961 2605 1585 2693 interpretationibus
1620 2608 1768 2693 jure
1810 2608 2255 2687 anteferenda3
2303 2633 2493 2697 quam

314 2740 572 2806 domino
600 2763 716 2806 suo
746 2740 1058 2805 Devoniae
1090 2741 1326 2806 Comiti
1355 2742 1607 2819 dicavit,
1633 2742 1780 2807 licet
1800 2744 1963 2830 patri
1984 2743 2282 2810 defuncto
2304 2745 2492 2811 desti-

314 2893 546 2943 natam.
625 2876 973 2942 Historiam
1000 2877 1173 2942 illam
1195 2878 1414 2943 charta
1433 2879 1926 2966 chorographica
1949 2881 2220 2947 Graeciae
2242 2882 2496 2968 propria

313 3038 507 3079 manu
534 3014 849 3101 descripta
876 3015 1143 3093 ornavit,
1177 3015 1422 3102 adjecto
1462 3016 1654 3081 etiam
1698 3016 1903 3081 indice
1946 3018 2383 3105 geographico,
2430 3037 2495 3083 et

311 3150 747 3215 dissertatione
799 3150 881 3215 de
938 3151 1068 3215 vita
1124 3167 1189 3217 et
1246 3153 1492 3240 scriptis
1552 3153 1966 3240 Thucydidis,
2033 3177 2164 3219 non
2226 3169 2354 3218 tam
2411 3178 2494 3219 ex

315 3287 694 3352 Marcellino
724 3288 872 3353 vitae
905 3288 1342 3376 Thucydideae
1375 3291 1678 3377 scriptore
1717 3306 1985 3376 sumpta,
2018 3313 2210 3378 quam
2238 3293 2494 3379 proprio

301 3423 545 3508 judicio
573 3424 941 3509 conscripta.

398 3558 589 3624 Tunc
631 3561 822 3624 etiam
870 3560 1103 3646 prodiit
1151 3559 1404 3649 elegans
1456 3560 1616 3626 illud
1661 3584 1886 3647 poema
1929 3566 2035 3629 De
2078 3566 2495 3631 Me‘rabilibus

311 3700 521 3774 Pecci,
571 3719 698 3784 quo
740 3698 1000 3762 nomine
1028 3698 1203 3762 venit
1250 3698 1618 3763 Derbiensis
1658 3698 1797 3784 agri
1841 3719 1984 3784 pars
2028 3697 2489 3777 occidentalior,

310 3833 486 3920 regio
504 3850 793 3898 montosa
807 3848 999 3922 atque
1020 3835 1306 3921 aspera,†
1326 3834 1436 3898 sed
1458 3833 1799 3928 nonnullis,
1821 3857 1966 3921 quae
1987 3835 2225 3900 rariora
2252 3836 2491 3902 haben-

310 3985 435 4047 tur,
487 3970 931 4049 celeberrima3
976 3973 1106 4050 ubi,
1158 3987 1231 4037 ut
1277 3971 1524 4037 mittam
1570 3972 1838 4037 aedificia
1885 3975 2147 4061 antiqua
2196 3988 2261 4038 et
2306 3996 2488 4051 nova,

309 4128 543 4194 magna
567 4109 721 4173 artis
753 4130 964 4195 opera,
1001 4109 1186 4174 Pecci
1230 4124 1524 4187 castrum,
1563 4124 1629 4174 et
1661 4109 2169 4175 Chatsworthum
2213 4109 2491 4174 nobilem

310 4242 811 4310 Devoniensium
895 4246 1215 4311 Comitum
1276 4245 1509 4322 sedem,
1585 4247 1752 4311 inter
1832 4247 2143 4312 naturalia
2212 4247 2493 4312 eminent

310 4379 573 4449 thermae
603 4381 854 4469 corpori
904 4381 1181 4446 humano
1219 4380 1672 4460 saluberrimae,
1719 4383 2188 4449 metallisodinae
2230 4382 2492 4470 plumbo

1014 4548 1044 4606 τ
1066 4545 1188 4594 Vide
1206 4545 1441 4595 camdeni
1465 4545 1780 4594 Britanniam.
