3182 5102
734 435 761 498 l
786 436 866 499 14
1317 448 1876 500 annosopnlA
1916 448 2201 499 PRIMA.

390 623 564 672 PARS
599 622 675 671 11·
728 614 1034 711 produci
1067 640 1323 713 posse,
1360 616 1420 688 si
1467 616 1688 690 modo
1724 616 1820 690 nd
1871 640 2096 713 agens
2153 615 2501 688 idoneum
2555 614 2791 711 appli-

511 690 584 735 10.

391 760 672 792 κ-Γψ
729 740 973 801 catum
1021 728 1265 801 fuerit.
1391 729 1538 802 Sed
1599 729 1856 802 eadem
1915 728 2349 817 accidentia,
2403 739 2490 800 ut
2547 728 2790 823 capite

367 2449 429 2482 uo
450 2433 656 2481 instante

377 2499 525 2546 tentia
559 2499 614 2544 fit

397 2581 468 2624 na,
495 2564 660 2611 eodem

316 2630 510 2692 produci
527 2638 705 2676 actum.

313 2565 391 2627 ple

341 3446 614 3497 Potentiam

336 3515 542 3562 activam
565 3520 615 3560 et

335 3580 572 3641 passivam

313 3660 316 3663 ¹
340 3652 496 3705 partes
521 3652 621 3689 tan·

337 3716 440 3755 tum
464 3723 567 3755 esse
589 3721 676 3768 po·

339 3773 500 3821 tentiae
522 3771 691 3835 plenae.

725 841 1187 938 praecedente
1271 842 1655 915 definitum
1733 854 1869 927 est,
1953 841 2417 915 constituunt
2486 865 2791 913 causam

728 953 1213 1026 materialem.
1318 955 1522 1027 Idem
1573 955 1802 1051 igitur
1852 966 1965 1027 est
2012 954 2364 1052 potentia
2408 953 2790 1051 patient-is

736 1068 931 1163 (quae
965 1078 1041 1139 et
1073 1068 1424 1164 potentia
1457 1067 1779 1165 passiva
1819 1066 2041 1162 vulgo
2077 1065 2377 1159 dicitur)
2433 1078 2509 1139 et
2556 1089 2790 1138 cau-m

727 1180 1171 1254 materiali&
1274 1179 1779 1253 Consideratio
1816 1191 2064 1253 tamen
2101 1179 2389 1252 diversa
2425 1189 2562 1268 est,
2617 1178 2792 1273 quia

728 1295 805 1367 in
840 1318 1060 1367 causa
1093 1293 1598 1391 proeteritum,
1649 1294 1727 1366 in
1779 1293 2117 1389 potentia
2148 1292 2507 1390 futurum
2558 1291 2791 1388 respi-

730 1407 943 1481 citur.
1047 1407 1307 1502 Itaque
1340 1406 1678 1503 potentia
1709 1417 1868 1478 tum
1903 1406 2189 1501 agentis
2243 1416 2404 1478 tum
2436 1405 2791 1503 patientis

727 1520 942 1593 simul
1019 1531 1332 1615 sumpta,
1418 1543 1640 1616 quam
1720 1518 2125 1615 potentiam
2215 1517 2590 1616 integram
2675 1517 2791 1591 vel

715 1633 1023 1731 plenam
1094 1631 1459 1728 appellare
1524 1632 1723 1721 licet,
1809 1631 2003 1704 idem
2087 1641 2202 1703 est
2286 1631 2486 1726 quod
2570 1655 2794 1704 causa

730 1747 1039 1843 integra,
1138 1769 1310 1818 nam
1391 1756 1706 1841 utraque
1799 1744 2139 1817 consistit
2222 1744 2300 1815 in
2383 1757 2791 1841 aggregato

732 1859 1060 1932 omnium
1092 1858 1307 1931 simul
1340 1857 1857 1943 accidentium,
1907 1882 2071 1954 quae
2105 1856 2201 1929 ad
2239 1857 2586 1930 effectum
2615 1882 2791 1955 pro-

733 1971 1171 2060 ducendum,
1213 1982 1372 2043 tum
1415 1970 1492 2042 in
1524 1982 1792 2067 agente
1843 1981 2004 2043 tum
2053 1969 2130 2043 in
2164 1970 2517 2066 patiente,
2547 1972 2795 2066 requi-

732 2096 1019 2157 runtur.
1122 2082 1457 2179 Denique
1490 2082 1682 2155 sicut
1726 2083 2066 2156 accidens
2102 2082 2301 2178 quod
2344 2084 2793 2179 productum

734 2208 868 2286 est,
908 2207 1248 2292 respectu
1296 2218 1558 2283 causae,
1594 2196 1952 2290 effectu-5,
1943 2223 1958 2238 ·
2012 2197 2119 2268 ita
2153 2208 2495 2292 respectu
2526 2209 2794 2293 poten-

734 2310 880 2399 tiae,
918 2318 1130 2382 actus
1165 2308 1596 2404 appellatur.

832 2433 902 2497 2.
956 2421 1591 2497 Quemadmodum
1657 2420 1884 2516 igitur
1963 2443 2107 2515 quo
2176 2420 2503 2495 instante
2571 2447 2797 2497 causa

734 2548 847 2611 est
902 2536 1230 2634 integra,
1292 2534 1549 2607 eodem
1617 2534 1925 2629 effectzw
1984 2533 2390 2631 productus
2459 2547 2620 2621 est;
2686 2538 2795 2611 sic

736 2674 1024 2748 quoque
1087 2674 1231 2746 quo
1287 2650 1610 2721 instante
1667 2646 2003 2743 potentia
2052 2646 2293 2744 plena
2348 2651 2460 2734 fit,
2530 2651 2795 2725 eodem

735 2788 1023 2861 quoque
1060 2774 1289 2852 actuS,
1328 2761 1454 2856 qui
1486 2762 1579 2834 ab
1630 2784 1717 2833 ea
1748 2758 2055 2856 produci
2089 2760 2358 2855 potuit,
2386 2763 2795 2858 productus

735 2890 868 2951 est.
971 2878 1066 2949 Et
1112 2887 1199 2948 ut
1245 2874 1487 2948 nullus
1534 2874 1836 2946 effectus
1886 2873 2062 2945 oriri
2107 2884 2357 2969 potest
2400 2877 2526 2972 qui
2560 2901 2713 2951 non
2750 2904 2797 2953 a

735 3015 954 3065 causa
1003 2989 1407 3062 sufficiente
1455 2998 1531 3060 et
1572 2986 1987 3061 necessaria
2043 2985 2449 3082 productus
2505 2989 2625 3079 sit,
2688 2992 2798 3065 ita

733 3129 971 3202 neque
1006 3114 1214 3177 actus
1247 3102 1437 3174 ullus
1468 3100 1802 3198 produci,
1840 3100 1966 3195 qui
1998 3122 2150 3172 non
2183 3100 2589 3195 productus
2625 3105 2724 3178 sit
2750 3129 2798 3179 a

734 3217 1069 3316 potentia
1134 3214 1562 3305 sufficiente,
1649 3224 1725 3286 et
1783 3236 1829 3285 a
1895 3236 2042 3309 qua
2108 3235 2259 3285 non
2330 3217 2577 3309 potuit
2641 3241 2797 3293 non

786 3329 1063 3405 roduci.

734 3358 782 3429 P
834 3454 903 3518 3.
959 3439 1617 3529 Quemadmodum,
1646 3462 1942 3512 causam
1976 3437 2437 3529 efficientem,
2460 3451 2537 3512 et
2565 3453 2798 3515 mate-

733 3557 985 3631 rialem
1020 3579 1153 3653 per
1188 3578 1266 3627 se
1298 3554 1493 3650 ipsas
1528 3551 1982 3625 ostendimus
2025 3574 2183 3624 esse
2215 3564 2464 3648 partes
2501 3566 2799 3629 tantum

736 3695 969 3744 causae
1017 3671 1348 3764 integrae,
1394 3690 1532 3739 nec
1589 3665 1734 3739 nisi
1768 3665 2198 3761 conjunctas
2246 3666 2590 3739 effectum
2624 3693 2799 3764 pro.

737 3785 1026 3874 ducere,
1096 3783 1201 3856 sic
1266 3803 1554 3878 quoque
1620 3778 1959 3877 potentia
2023 3779 2274 3851 activa
2342 3791 2419 3852 et
2471 3782 2800 3878 passiva

733 3912 980 3997 partes
1034 3908 1324 3971 tantum
1371 3905 1544 3968 sunt
1589 3891 1943 3989 potentiae
2000 3891 2259 3988 plenae,
2324 3903 2400 3964 et
2457 3893 2799 3991 integrae,

734 4037 873 4086 nec
924 4009 1198 4108 poterit
1252 4033 1342 4081 ex
1402 4007 1491 4080 iis
1554 4017 1769 4080 actus
1830 4005 2066 4094 educi,
2126 4004 2270 4078 nisi
2332 4008 2798 4102 conjunctis3

737 4126 1045 4221 ideoque
1078 4121 1431 4219 potentiae
1466 4121 1632 4210 illae,
1668 4132 1753 4193 ut
1802 4119 2115 4192 diximus
2162 4118 2475 4192 articulo
2527 4122 2799 4216 prim0,

737 4239 1081 4312 dicuntur
1153 4235 1503 4331 potentiae
1582 4259 1750 4308 cum
1829 4233 1969 4305 hac
2040 4231 2487 4321 conditione,
2560 4259 2803 4331 posse

737 4352 1016 4427 scilicet
1078 4373 1338 4447 agem,
1398 4348 1467 4420 si
1527 4349 1738 4422 nwdo
1793 4346 2131 4444 patienti
2197 4345 2657 4444 applicetur,
2722 4361 2805 4422 et
