3182 5102
1255 502 1363 554 nu
1402 502 1663 555 Moru.
2359 486 2496 565 187

405 674 700 767 porum)
737 669 880 742 erit
914 693 1206 766 quoque
1260 670 1653 768 longitudo
1706 694 2061 768 percursa
2113 695 2265 744 uno
2299 683 2486 744 tem·
2532 679 2705 729 PARS
2743 680 2848 730 111.

402 808 585 880 pore
619 784 718 857 ad
748 784 1290 880 longitudinem
1344 808 1772 881 percursam
1805 785 1950 858 alio
1986 797 2343 881 tempore,
2394 796 2482 858 ut
2586 748 2834 850 »ι-ῗ--κ

401 896 686 969 factum
721 920 813 969 ex
844 897 1130 993 impetu
1170 897 1248 970 in
1294 909 1585 994 tempus
1630 897 1728 971 ad
1758 898 2039 970 factum
2074 922 2161 971 ex
2199 899 2478 995 impetu
2505 885 2566 933 ¹¹²
2588 886 2874 934 ⁰¹¹¹''¹¹¹¹⁰“¹

2505 950 2830 1013 longitudines

406 1010 483 1084 in
519 1021 834 1108 tempus.
2503 1023 2877 1129 ξέἷέτυξίωυῦῑυῡῑ

506 1125 621 1198 Sit
682 1126 790 1218 (in
848 1125 1105 1198 eadem
1161 1125 1401 1220 figura
1444 1126 1512 1219 l)
1575 1136 1868 1221 tempus
1911 1127 1977 1197 A
2015 1126 2099 1215 Β,
2159 1126 2236 1198 111
2272 1128 2480 1223 cujus
2508 1116 2865 1223 saegaex’impe.

405 1238 758 1335 temporis
833 1239 1049 1312 initio
1104 1238 1195 1327 A,
1258 1238 1577 1334 impetus
1646 1238 1743 1311 sit
1802 1250 1890 1310 ut
1957 1239 2197 1335 ipsum
2248 1263 2481 1336 punc·
2504 1218 2560 1259 ‘¹¹
2581 1220 2856 1275 'ntempm‘

406 1371 566 1426 tum
600 1354 692 1439 A,
748 1352 880 1425 sed
929 1352 1382 1449 procedente
1438 1363 1773 1448 tempore
1826 1364 2112 1426 crescat
2162 1354 2481 1450 impetus

404 1466 897 1556 uniformiter,
935 1467 1171 1540 donec
1224 1466 1304 1538 in
1357 1466 1620 1540 ultimo
1662 1478 1944 1562 puncto
1985 1468 2338 1563 temporis
2393 1468 2479 1556 Β,

406 1580 813 1676 acquisitus
883 1580 981 1654 sit
1052 1581 1371 1676 impetus
1440 1580 1864 1675 quicunque
1934 1581 1995 1653 Β
2033 1582 2091 1653 Ι.
2197 1582 2481 1654 Rursus

406 1695 506 1767 sit
539 1705 829 1790 tempus
863 1693 1066 1766 aliud
1099 1694 1167 1765 A
1202 1693 1280 1781 F,
1340 1693 1417 1764 in
1468 1696 1676 1790 cujus
1733 1694 2086 1789 temporis
2139 1694 2351 1766 initio
2388 1694 2479 1784 A,

406 1808 723 1904 impetus
760 1808 858 1879 sit
911 1818 997 1880 ut
1050 1807 1292 1902 ipsum
1324 1818 1685 1901 punctum
1724 1808 1810 1894 A,
1869 1806 1997 1879 sed
2030 1807 2480 1902 procedente

405 1933 740 2017 tempore
824 1931 1108 1992 crescat
1177 1918 1495 2013 impetus
1562 1919 2031 1992 uniformiter
2098 1920 2335 1993 donec
2402 1922 2480 1996 in

406 2034 761 2130 temporis
790 2034 858 2105 A
881 2033 938 2104 F
972 2032 1234 2105 ultimo
1267 2045 1547 2128 puncto
1573 2033 1653 2121 F,
1684 2034 2088 2129 acquisitus
2117 2034 2215 2106 sit
2251 2034 2480 2131 impe-

406 2160 529 2221 tus
598 2149 655 2219 F
690 2148 782 2219 K.
922 2146 1342 2241 Longitudo
1413 2158 1661 2219 autem
1730 2170 2082 2242 percursa
2146 2159 2482 2243 tempore

408 2261 476 2333 A
505 2262 590 2350 B,
627 2261 909 2356 impetu
942 2259 1411 2332 uniformiter
1446 2272 1849 2345 crescente,
1881 2261 1978 2332 sit
2005 2261 2070 2332 D
2106 2262 2190 2334 E.
2298 2262 2482 2335 Dico

406 2373 945 2471 longitudinem
975 2373 1042 2446 D
1078 2374 1137 2444 E
1176 2395 1334 2444 esse
1367 2372 1462 2445 ad
1490 2372 2033 2468 longitudinem
2058 2398 2486 2469 percursam

408 2500 742 2583 tempore
778 2487 844 2558 A
882 2486 959 2575 F,
1002 2497 1088 2559 ut
1116 2497 1406 2582 tempus
1456 2486 1516 2557 A
1559 2485 1621 2558 Β
1659 2485 1961 2559 ductum
2017 2486 2093 2559 in
2129 2487 2486 2585 impetum

413 2602 474 2674 Β
509 2603 542 2674 I
573 2601 670 2674 ad
702 2613 994 2696 tempus
1033 2603 1091 2671 A
1125 2600 1184 2671 F
1217 2600 1521 2673 ductum
1560 2599 1636 2672 in
1674 2600 2029 2696 impetum
2067 2602 2124 2672 F
2156 2603 2249 2674 K.

513 2714 884 2788 Quoniam
944 2714 1142 2786 enim
1189 2714 1645 2810 triangulum
1694 2714 1761 2785 A
1798 2715 1916 2787 ΒΙ
1965 2727 2079 2787 est
2132 2716 2485 2790 velocitas

411 2839 573 2901 tota
604 2828 790 2900 moti
824 2840 1161 2923 tempore
1195 2827 1263 2899 A
1301 2828 1387 2916 B,
1442 2827 1681 2900 donec
1723 2828 2133 2924 acquiritur
2167 2830 2484 2925 impetus

414 2942 475 3014 Β
511 2943 570 3032 I,
608 2954 685 3014 et
717 2941 1170 3037 triangulum
1204 2943 1269 3014 A
1310 2943 1365 3013 F
1402 2942 1469 3013 K
1505 2941 1859 3014 velocitas
1886 2955 2048 3015 tota
2082 2943 2267 3016 moti
2300 2955 2486 3015 tem-

409 3079 591 3152 pore
625 3055 693 3127 A
729 3055 806 3143 F,
839 3054 1123 3150 impetu
1154 3066 1535 3128 crescente
1559 3054 1795 3127 donec
1830 3057 2238 3151 acquiritur
2259 3057 2487 3152 impe-

412 3180 532 3242 tus
569 3169 626 3239 F
659 3169 754 3256 K,
818 3168 961 3240 erit
992 3167 1381 3264 longitudo
1419 3168 1486 3241 D
1521 3169 1583 3240 E
1618 3168 1713 3241 ad
1747 3169 2287 3266 longitudinem
2320 3194 2487 3266 per-

412 3306 705 3355 cursam
740 3294 1073 3379 tempore
1108 3283 1176 3354 A
1212 3282 1291 3371 F,
1314 3281 1599 3378 impetu
1634 3296 2012 3356 crescente
2048 3308 2093 3356 a
2127 3285 2374 3380 quiete
2410 3283 2486 3355 in

412 3397 471 3466 A
516 3395 751 3468 donec
773 3395 1178 3490 acquisitus
1205 3394 1304 3468 sit
1338 3395 1659 3491 impetus
1696 3397 1753 3467 F
1787 3397 1880 3485 K,
1915 3409 2002 3470 ut
2036 3397 2488 3493 triangulum

415 3510 483 3582 A
519 3510 580 3582 Β
611 3510 671 3597 I,
727 3508 824 3581 ad
873 3508 1327 3604 triangulum
1361 3507 1429 3579 A
1466 3509 1521 3580 F
1556 3509 1649 3598 K,
1706 3509 1850 3582 hoc
1886 3521 2021 3599 est,
2069 3510 2147 3582 in
2198 3511 2486 3583 ratione

411 3622 765 3719 temporis
799 3623 860 3693 A
903 3622 964 3693 B
999 3622 1097 3695 ad
1128 3622 1195 3693 A
1224 3623 1281 3693 F
1308 3621 1704 3718 duplicata.
1808 3624 1973 3696 Fiat
2006 3648 2183 3721 ergo
2219 3636 2303 3697 ut
2335 3625 2400 3696 A
2425 3625 2486 3696 B

412 3737 509 3809 ad
542 3737 610 3808 A
645 3737 702 3807 F
748 3736 857 3808 ita
891 3737 956 3808 D
991 3737 1053 3808 E
1088 3736 1280 3809 adD
1317 3736 1403 3821 G,
1450 3748 1525 3808 et
1559 3760 1837 3826 rursuS,
1888 3748 1972 3808 ut
2022 3738 2170 3810 DE
2204 3738 2298 3810 ad
2337 3738 2491 3811 DG

414 3851 519 3923 ita
546 3850 613 3923 D
649 3850 714 3923 G
746 3849 844 3922 311
882 3849 948 3920 D
987 3850 1066 3939 P,
1123 3849 1413 3944 eritque
1464 3849 1853 3945 longitudo
1904 3875 2255 3946 percursa
2305 3862 2492 3923 tem-

409 3987 592 4059 pore
652 3964 720 4035 A
751 3964 837 4052 B,
903 3963 1186 4059 impetu
1263 3977 1645 4036 crescente
1705 3988 1939 4060 usque
2001 3964 2097 4037 ad
2154 3966 2215 4038 Β
2251 3965 2310 4053 I,
2397 3965 2493 4038 ad

411 4076 950 4173 longitudinem
1041 4101 1469 4173 percursam
1555 4090 1891 4173 tempore
1961 4078 2016 4148 A
2063 4078 2141 4166 F,
2213 4078 2494 4174 impetu

412 4202 791 4263 crescente
825 4215 1060 4287 usque
1095 4191 1190 4263 ad
1240 4191 1297 4262 F
1338 4193 1431 4281 K,
1485 4203 1571 4264 ut
1627 4191 2077 4286 triangulum
2112 4192 2180 4263 A
2216 4193 2277 4265 Β
2314 4193 2347 4264 I
2398 4193 2493 4266 ad

411 4304 866 4400 triangulum
900 4306 968 4377 A
1004 4305 1061 4376 F
1094 4305 1161 4376 K
1194 4335 1212 4388 ;
1267 4316 1382 4378 est
1442 4317 1690 4378 autem
1747 4304 2199 4399 triangulum
2254 4307 2320 4377 A
2359 4307 2420 4379 B
2457 4306 2490 4377 Ι
