3182 5102
737 502 844 555 DE
885 500 1301 555 ansloNE
1341 501 1443 553 Εἰ·
1481 500 1714 553 Μοτυ
1752 499 2137 551 ANIMALI.
2310 485 2472 550 ,323

394 667 783 766 adaequate
816 693 967 743 non
1003 667 1367 765 congruit.
1469 666 1578 739 Ea
1618 677 1891 755 tamen,
1935 667 2092 762 jam
2143 664 2317 738 satis
2366 665 2476 737 in·
2551 672 2728 722 PARS
2766 669 2850 720 IV-

393 783 693 857 tellecta
722 807 858 880 pro
906 782 1295 880 phantasia
1326 782 1775 871 Graecorum,
1829 779 2005 853 satis
2054 791 2218 854 tuto
2270 778 2475 852 usuri
2561 808 2844 843 κ--τ--ν

363 954 368 957 -
395 920 670 970 sumus.
2499 876 2769 990 3333?

497 1009 938 1106 Imaginatio
999 1032 1174 1104 ergo
1231 1007 1417 1080 nihil
1484 1006 1686 1080 aliud
1752 1018 1866 1079 est
1933 1030 2189 1080 revera
2255 1031 2475 1102 quam
2499 1006 2586 1055 1⁰¹¹
2572 1022 2736 1069 mm·
2758 1006 2844 1055 &⁰-

394 1132 696 1218 propter
730 1122 1003 1219 objecti
1037 1122 1522 1196 remotionem
1546 1121 2032 1217 languescens
2066 1120 2182 1194 vel
2219 1120 2476 1194 debili-

394 1245 552 1308 tata
597 1236 863 1309 sensi0.
969 1235 1208 1309 Causa
1256 1246 1504 1309 autem
1559 1234 2084 1308 debilitationis
2137 1258 2476 1331 quaenam

396 1371 554 1421 esse
590 1348 885 1445 potest?
933 1373 1029 1422 an
1062 1361 1305 1423 motus
1338 1359 1622 1422 remoto
1655 1349 1945 1446 objecto
1973 1349 2282 1422 debilior
2315 1347 2475 1421 est?

395 1462 459 1534 si
529 1474 745 1553 esset,
814 1463 1036 1537 etiam
1116 1463 1634 1560 phantasmata
1699 1461 2167 1559 imaginantis
2233 1461 2475 1535 minus

393 1586 640 1649 essent
696 1576 897 1649 clara
954 1600 1177 1671 quam
1226 1576 1305 1648 in
1359 1575 1719 1665 sensione,
1780 1574 2002 1672 idque
2062 1599 2350 1671 semper
2403 1585 2477 1648 et

393 1689 858 1773 necessari03
933 1688 1132 1785 quod
1197 1711 1348 1761 non
1415 1699 1528 1761 est
1598 1711 1873 1760 verum.
2011 1689 2099 1761 In
2175 1687 2475 1761 somniis

393 1802 592 1875 enim
643 1802 782 1895 (eae
826 1813 1076 1876 autem
1109 1801 1629 1881 dormientium
1669 1811 1842 1874 sunt
1883 1801 2470 1898 imaginationes)

393 1939 548 1988 non
576 1915 820 1989 minus
855 1917 1054 1990 clara
1086 1925 1259 1989 sunt
1293 1939 1514 2011 quam
1546 1915 1628 1988 in
1661 1912 2046 1990 sentiente.
2147 1915 2477 2012 Vigilan-

393 2028 580 2102 tium
606 2040 854 2102 autem
878 2030 1392 2126 phantasmata
1415 2051 1663 2101 rerum
1687 2029 2229 2124 praeteritanlm
2254 2054 2475 2126 quam

392 2142 868 2238 praesentium
924 2141 1093 2215 ideo
1147 2139 1573 2215 obscuriora
1624 2153 1820 2232 sunt,
1877 2143 2050 2238 quia
2101 2167 2377 2240 organa
2433 2169 2479 2216 a

395 2254 881 2350 praesentibus
948 2254 1256 2356 objectis
1323 2254 1539 2327 simul
1600 2267 1970 2329 commota
2032 2256 2317 2331 faciunt
2382 2270 2469 2332 ut

393 2368 636 2441 minus
669 2367 1317 2464 praedominentur.
1404 2368 1494 2439 In
1525 2390 1783 2441 somno
1811 2380 2082 2459 autem,
2116 2370 2473 2466 praecluso

393 2481 624 2572 aditu,
661 2492 969 2556 externa
1000 2481 1196 2556 actio
1231 2481 1526 2555 interno
1560 2482 1794 2555 motui
1828 2482 2012 2557 nihil
2045 2483 2292 2559 officit.

497 2596 717 2670 Quod
762 2596 823 2669 si
858 2620 1113 2668 verum
1146 2595 1267 2684 sit,
1319 2595 1934 2668 considerandum
1967 2609 2082 2671 est
2132 2597 2476 2695 deinceps

392 2733 490 2783 an
557 2733 778 2784 causa
843 2709 1090 2805 aliqua
1153 2708 1467 2781 inveniri
1531 2707 1792 2804 possit,
1861 2733 2009 2804 qua
2074 2710 2473 2807 supposita,

393 2824 699 2921 objectis
784 2846 1131 2896 sensuum
1214 2820 1536 2894 externis
1602 2820 1699 2894 ad
1780 2821 2135 2896 interiora
2216 2825 2473 2920 organi

392 2938 636 3012 aditus
724 2937 1135 3010 necessario
1217 2934 1736 3032 praecludatur.
1886 2936 2229 3033 Suppone
2297 2962 2473 3034 ergo

394 3050 750 3125 diuturna
831 3051 1286 3147 objectorum
1373 3048 1689 3137 actione,
1780 3072 1999 3144 quam
2057 3053 2472 3125 necessario

392 3164 723 3259 sequitur
780 3162 1061 3259 organi,
1147 3172 1225 3235 et
1282 3160 1653 3259 praecipue
1713 3161 2105 3258 spirituum
2171 3164 2470 3254 reactio,

392 3301 749 3373 organum
805 3275 1084 3365 lassari,
1144 3275 1224 3348 id
1281 3286 1418 3365 est,
1471 3286 1720 3372 partes
1774 3277 1931 3372 ejus
1990 3302 2036 3350 a
2095 3277 2472 3374 spiritibus

393 3413 542 3463 non
610 3390 767 3463 sine
835 3389 1086 3462 dolore
1152 3389 1397 3485 aliquo
1468 3390 1960 3475 commoveri;
2031 3401 2106 3464 et
2162 3392 2471 3488 proinde

393 3503 702 3577 desertis
736 3514 812 3577 et
843 3503 1107 3577 laxatis
1154 3503 1400 3577 nervis
1435 3502 1532 3576 ad
1577 3503 1860 3576 fontem
1895 3528 2132 3594 suum,
2188 3506 2341 3579 sive
2393 3506 2470 3578 in

389 3615 674 3688 cerebri
728 3616 882 3690 sive
924 3616 1001 3687 in
1059 3615 1301 3689 cordis
1356 3615 1670 3689 cavitate
1723 3616 2068 3710 positum,
2118 3642 2195 3690 se
2236 3631 2470 3691 retra-

389 3728 589 3819 here,
658 3730 855 3803 unde
922 3730 1139 3819 actio,
1215 3753 1379 3825 quae
1444 3753 1579 3826 per
1645 3717 1908 3802 nervos
1978 3730 2469 3818 derivabatur,

388 3843 802 3916 necessario
869 3843 1376 3938 intercipitun
1500 3842 1695 3915 Nam
1777 3843 1969 3916 actio
2037 3843 2116 3916 in
2181 3844 2469 3940 patiens

391 3956 592 4052 quod
656 3968 826 4030 ante
892 3981 970 4029 se
1035 3956 1250 4052 fugit,
1321 3957 1562 4053 primo
1645 3956 1888 4031 minus
1957 3958 2135 4053 agit,
2203 3957 2467 4029 deinde

389 4069 646 4142 solutis
695 4070 1050 4166 paulatim
1101 4069 1342 4143 nervis
1391 4069 1620 4142 nihil:
1676 4080 1914 4143 cessat
1954 4094 2131 4167 ergo
2165 4071 2465 4161 reactio,

388 4181 469 4255 id
521 4193 635 4256 est
688 4183 952 4272 sensio,
1007 4183 1270 4279 quoad,
1333 4207 1610 4279 organo
1653 4207 1786 4280 per
1838 4183 2158 4279 quietem
2188 4182 2466 4258 refecto

389 4295 794 4391 spirituque
840 4307 1081 4385 auct0,
1134 4295 1543 4392 evigilatur.
1650 4298 1894 4393 Atque
1943 4298 2087 4370 hoc
2138 4297 2242 4371 ita
2292 4321 2467 4372 sane

391 4432 472 4481 se
508 4409 780 4483 habere
832 4433 1121 4506 semper
1153 4409 1465 4500 videtur,
1518 4410 1661 4483 nisi
1712 4411 1857 4486 alia
1906 4411 2151 4507 aliqua
2198 4424 2467 4508 praeter

2129 4546 2180 4597 Y
2219 4534 2263 4597 2
