3182 5102
792 437 939 502 428
1637 452 2019 505 PmrsmA.

433 615 612 737 PA1333‘3·
632 623 720 673 IV·
794 630 1010 692 terrae
1067 619 1464 693 visceribus
1532 622 1909 694 concrevit
1974 645 2298 717 magnes,
2368 634 2648 693 motum
2709 621 2866 693 sive

432 758 698 794 *ar—1
793 745 1138 805 conatum
1186 758 1232 806 a
1271 746 1537 807 natura
1585 759 1738 824 sua,
1788 760 1924 831 per
1970 736 2239 808 lineam
2292 758 2445 831 prae
2500 735 2865 807 brevitate

435 825 680 941 3233?
793 845 1255 936 invisibilem,
1290 848 1583 936 habere,
1620 860 1703 921 ut
1737 849 1956 921 modo
1994 849 2270 921 dictum
2305 860 2418 920 est
2446 847 2537 920 de
2561 861 2860 943 gagate,

434 958 735 1021 magneti&-
792 960 1273 1055 reciprocum,
1302 985 1452 1034 una
1484 961 1626 1034 erit
1657 962 1734 1034 in
1768 973 2081 1057 utroque
2113 961 2353 1057 lapide
2394 961 2860 1034 attractionis

792 1096 1030 1145 causa.
1133 1074 1243 1146 Ea
1287 1075 1439 1170 jam
1489 1097 1710 1147 causa
1766 1099 1911 1170 quo
1963 1074 2181 1147 modo
2232 1086 2306 1147 et
2366 1074 2622 1146 ordine
2680 1098 2859 1170 ope-

791 1186 1002 1258 randi
1024 1188 1537 1260 attractionem
1564 1188 1807 1277 efficit,
1836 1188 2311 1284 quaerendum
2332 1200 2466 1260 est.
2571 1188 2857 1261 Scimus

790 1323 923 1394 per
955 1300 1464 1389 vibrationem,
1504 1300 1579 1372 id
1615 1314 1750 1389 est,
1787 1325 1920 1397 per
1952 1313 2234 1374 motum
2282 1325 2498 1397 super
2548 1302 2853 1374 eandem

792 1425 1069 1485 rectam
1106 1414 1582 1509 reciprocum,
1619 1415 1778 1486 fieri
1813 1426 1897 1486 ut
1929 1439 2078 1487 una
2109 1415 2286 1511 lyrae
2322 1415 2598 1487 chorda
2618 1416 2851 1511 pulsa,

790 1526 936 1599 alia
1000 1550 1382 1600 moveatur
1449 1528 1853 1600 vibratione
1935 1529 2175 1628 simili,
2256 1528 2478 1600 modo
2545 1529 2850 1602 similem

789 1639 1056 1713 habeat
1102 1641 1533 1712 tensionem.
1640 1641 1924 1713 Scimus
1965 1641 2184 1713 etiam
2229 1640 2446 1714 faeces
2486 1642 2851 1716 arenulas-

791 1777 934 1849 que
969 1753 1044 1826 in
1077 1753 1307 1827 fundo
1343 1755 1532 1826 vasis
1568 1755 2046 1842 subsidenteS,
2069 1767 2275 1828 motu
2309 1780 2610 1828 summae
2642 1781 2849 1852 aquae

787 1868 1119 1940 baculive
1166 1869 1563 1963 agitatione
1600 1867 1776 1940 forti
1824 1880 1900 1941 et
1930 1869 2308 1963 reciproco
2356 1893 2401 1941 a
2433 1869 2684 1958 fund0,
2723 1894 2847 1942 ex-

789 1981 1023 2053 citari.
1129 1981 1327 2055 Quid
1360 1981 1436 2053 ni
1465 1981 1691 2077 igitur
1719 1993 1794 2053 et
1821 1993 2064 2054 motus
2087 1982 2504 2078 reciprocus
2531 1984 2846 2079 partium

788 2094 1173 2191 magnetiS‚
1211 2095 1442 2167 simile
1470 2094 1840 2190 quippiam
1867 2094 2092 2167 faciat
2116 2095 2192 2167 in
2219 2095 2578 2168 movendo
2605 2095 2845 2169 ferro?

789 2208 1162 2303 Siquidem
1212 2209 1404 2280 enim
1440 2208 1517 2279 in
1565 2219 1905 2303 magnete
1951 2219 2197 2280 motus
2247 2209 2662 2304 reciprocus
2698 2211 2845 2282 sive

785 2322 932 2395 itus
968 2322 1386 2419 reditusque
1419 2322 1738 2419 partium
1790 2336 2267 2419 supponatur,
2304 2334 2645 2418 sequetur
2678 2325 2846 2398 inde

787 2436 1096 2510 similem
1131 2449 1411 2509 motum
1438 2436 1828 2532 propagari
1861 2461 1991 2531 per
2024 2462 2268 2509 aerem
2313 2462 2543 2533 usque
2578 2438 2672 2510 ad
2702 2437 2844 2509 fer-

785 2575 972 2641 rum,
1042 2551 1352 2646 ideoque
1414 2551 1549 2645 ipsi
1593 2549 1790 2622 ferro
1839 2562 1915 2623 et
1961 2550 2261 2647 singulis
2312 2550 2466 2646 ejus
2520 2551 2845 2645 partibus

785 2664 1020 2738 ituum
1056 2666 1565 2760 redituumque
1594 2664 1884 2737 easdem
1911 2664 2144 2737 inesse
2164 2665 2379 2736 viceS.
2485 2665 2844 2760 Sequetur

784 2791 1029 2852 autem
1063 2780 1237 2853 hinc
1271 2802 1538 2867 aerem,
1576 2777 1700 2872 qui
1728 2789 1883 2849 erat
1908 2778 2100 2849 inter
2126 2777 2441 2872 lapidem
2477 2788 2550 2848 et
2570 2777 2844 2849 ferrum

781 2893 1280 2982 intermediuS,
1335 2891 1687 2988 paulatim
1748 2891 2239 2962 exterminari.
2343 2891 2841 2963 Exterminato

782 3018 1025 3079 autem
1078 3029 1268 3093 aere,
1314 3028 1623 3099 corpora
1672 3004 2032 3099 magnetis
2085 3016 2161 3076 et
2209 3002 2382 3074 ferri
2436 3005 2839 3076 necessario

782 3121 1350 3215 conjunguntur.
1474 3118 1712 3190 Causa
1786 3142 1961 3213 ergo
2036 3116 2398 3212 possibilis
2465 3141 2699 3212 ‘quare
2767 3132 2842 3190 et

779 3256 1080 3328 magnes
1113 3231 1412 3319 ferrum,
1449 3243 1524 3303 et
1556 3243 1862 3325 gagates
1910 3230 2152 3326 paleas
2194 3230 2288 3303 ad
2323 3254 2399 3302 se
2440 3232 2839 3317 attrahunt,

780 3363 892 3419 est
937 3357 1180 3418 motus
1234 3345 1552 3440 partium
1609 3344 1934 3438 corporis
1987 3344 2343 3416 trahentis
2398 3367 2613 3439 super
2669 3369 2838 3417 ean-

779 3459 945 3531 dem
979 3469 1263 3533 rectam·
1310 3459 1424 3531 vel
1473 3481 1606 3554 per
1654 3458 1921 3529 lineam
1974 3457 2367 3552 ellipticam
2401 3458 2836 3552 reciprocuS,

779 3572 1071 3667 quando
1124 3573 1199 3645 in
1253 3572 1471 3646 tracti
1529 3582 1796 3643 natura
1845 3571 2080 3643 motui
2132 3571 2262 3643 tali
2317 3571 2515 3643 nulla
2563 3585 2675 3645 est
2725 3597 2836 3644 re-

774 3686 1200 3781 pugnantia.

878 3798 1125 3872 Quare
1185 3811 1430 3871 autem
1499 3821 1824 3892 magnes,
1885 3798 1945 3868 si
2015 3798 2276 3869 subere
2330 3796 2557 3870 fultus
2619 3822 2826 3893 aquae

773 3911 1000 3990 libere
1036 3923 1480 4008 supernatet,
1517 3912 1590 3984 in
1630 3935 2064 4006 quocunque
2106 3911 2248 3983 situ
2290 3910 2573 4005 positus
2616 3911 2836 3983 collo-

775 4025 972 4097 cabit
1005 4049 1081 4097 se
1116 4024 1221 4096 ita
1253 4024 1329 4096 in
1364 4024 1583 4119 plano
1619 4023 2027 4112 meridiani,
2063 4036 2150 4095 ut
2198 4048 2358 4119 quae
2395 4024 2832 4118 quiescentis

772 4137 1001 4233 ipsius
1045 4150 1323 4233 puncta
1371 4137 1579 4233 polos
1630 4149 1848 4210 terrae
1900 4149 2233 4233 spectant
2273 4161 2421 4209 uno
2477 4149 2828 4234 tempore,

774 4249 1026 4323 eadem
1055 4251 1349 4323 eosdem
1375 4250 1582 4345 polos
1606 4250 1860 4345 quovis
1888 4251 2031 4323 alio
2058 4263 2388 4346 tempore
2413 4252 2826 4346 respicient,

770 4388 992 4436 causa
1026 4388 1181 4436 esse
1216 4375 1481 4458 potest,
1520 4363 1718 4459 quod
1752 4376 2018 4453 motus,
2063 4387 2279 4461 quem
2321 4364 2633 4436 diximus
2665 4389 2830 4460 par-
