3182 5102
1091 501 1197 552 DE
1237 502 1733 554 VOCABULIS.
2364 485 2447 564 l7

363 689 797 752 revocamus
848 680 925 753 in
977 681 1331 773 animum,
1385 696 1462 757 et
1514 684 2014 781 significamus
2066 682 2246 780 quid
2297 706 2449 755 non

364 792 877 888 cogitavimus.

467 913 537 979 8.
591 906 888 980 Nomen
922 919 1171 983 autem
1200 911 1610 1007 positivum
1668 923 1743 983 et
1786 910 2215 1008 negativum
2271 933 2448 982 con-

367 1019 802 1094 tradictoria
827 1021 1021 1095 inter
1055 1047 1134 1096 50
1164 1036 1362 1114 sunt,
1399 1024 1508 1096 ita
1539 1037 1626 1097 ut
1655 1024 1983 1121 ejusdem
2010 1023 2119 1096 rei
2146 1022 2449 1095 nomina

367 1131 582 1207 ambo
618 1155 778 1206 esse
813 1158 965 1207 non
1008 1135 1319 1230 possint.
1425 1137 1792 1210 Praeterea
1834 1135 2449 1209 contradictorio-

365 1268 531 1316 rum
549 1247 956 1336 nominum,
981 1248 1295 1322 alterum
1316 1250 1616 1345 quidem
1628 1250 2023 1346 cujuslibet
2044 1248 2151 1321 rei
2174 1272 2447 1321 nomen

370 1372 504 1431 est.
612 1359 988 1456 Quicquid
1035 1363 1230 1434 enim
1267 1375 1403 1451 est,
1450 1363 1562 1435 vel
1601 1363 1850 1435 Homo
1894 1373 2034 1451 est,
2083 1362 2200 1434 vel
2237 1361 2446 1434 Non-

371 1472 641 1562 Homo,
695 1472 967 1546 Album
1016 1475 1132 1547 vel
1183 1499 1335 1548 non
1386 1476 1684 1565 Album,
1739 1486 1817 1547 et
1850 1475 1956 1551 sic
1993 1475 2084 1547 de
2135 1475 2444 1548 caeteriS.

370 1585 593 1660 Quod
626 1586 920 1682 quidem
961 1588 1417 1661 manifestius
1453 1600 1569 1661 est
1604 1613 1825 1685 quam
1857 1600 1946 1660 ut
1980 1587 2281 1684 probari
2317 1598 2447 1662 aut

367 1698 716 1794 explicari
749 1700 1061 1796 amplius
1105 1700 1393 1777 debeat.
1500 1702 1693 1775 Nam
1729 1702 1857 1799 qui
1889 1702 2036 1775 1100
2072 1700 2178 1773 510
2214 1725 2446 1773 0111111-

366 1813 558 1885 tiant
609 1813 822 1885 Idem
863 1839 1005 1886 non
1056 1825 1310 1913 potest
1343 1840 1532 1903 6336,
1568 1825 1645 1887 et
1681 1840 1823 1887 non-
1859 1839 2048 1903 6336,
2086 1815 2442 1887 obscure:

365 1926 491 2021 qui
542 1950 718 1999 vero
772 1927 901 2016 sic,
962 1927 1345 2024 Quicquid
1392 1938 1530 2015 est,
1583 1926 1704 2000 vel
1751 1938 1891 2014 est,
1944 1926 2065 1999 vel
2108 1951 2249 1999 non
2301 1936 2444 2017 est,

366 2040 588 2112 etiam
617 2040 935 2114 absurde
973 2052 1049 2114 et
1082 2040 1392 2114 ridicule
1424 2041 1853 2138 loquuntur.
1961 2042 2206 2137 Hujus
2240 2041 2446 2115 axio-

363 2153 581 2226 matis
616 2153 987 2227 certitudo
1037 2153 1385 2227 nimirum
1443 2154 1793 2246 (duorum
1841 2153 2226 2227 nominum
2268 2178 2445 2226 con-

363 2267 991 2357 tradictoriorum,
1027 2268 1343 2341 alterum
1379 2267 1773 2364 cujuslibet
1806 2268 1913 2340 rei
1947 2291 2219 2341 nomen
2256 2291 2441 2358 esse,

363 2381 676 2455 alterum
730 2406 882 2455 non
939 2383 1128 2475 esse)
1194 2382 1643 2478 principium
1704 2393 1818 2454 est
1872 2394 1951 2454 et
2006 2381 2444 2456 fundamen-

364 2507 521 2569 tum
545 2496 783 2570 omnis
804 2496 1415 2587 ratiocinationiS,
1440 2496 1518 2570 id
1540 2507 1654 2569 est
1677 2495 1915 2569 omnis
1924 2495 2442 2593 philosophiae3

363 2610 614 2706 itaque
665 2623 1009 2684 accurate
1061 2611 1431 2684 enuntiari
1482 2610 1761 2699 debuit,
1813 2622 1901 2683 ut
1934 2610 2273 2688 omnibus
2309 2636 2445 2709 per

366 2747 442 2797 se
478 2725 677 2798 clara
710 2737 788 2798 et
819 2725 1210 2822 perspicua
1245 2736 1461 2813 esset,
1499 2725 1693 2797 sicut
1717 2748 1976 2798 revera
2002 2736 2141 2815 est,
2176 2725 2321 2798 nisi
2354 2726 2443 2799 iis

365 2838 490 2932 qui
524 2838 788 2934 longos
825 2838 916 2911 de
949 2839 1089 2911 hac
1125 2862 1205 2910 re
1240 2861 1616 2911 sermones
1652 2837 1849 2934 apud
1897 2838 2441 2935 metaphysicos

364 2951 718 3048 legenteS,
754 2952 881 3025 ubi
914 2952 1100 3025 nihil
1132 2951 1436 3048 vulgare
1472 2952 1620 3025 dici
1653 2962 1946 3047 putant,
1982 2951 2061 3023 id
2096 2951 2295 3047 quod
2329 2952 2441 3024 in-

364 3065 732 3162 telligunt,
768 3064 1180 3160 intelligere
1216 3087 1294 3136 se
1328 3064 1695 3137 nesciunt.

2540 707 2717 757 PARS
2756 709 2797 757 Ι.

2649 775 2692 821 2.

2474 911 2690 960 Nomina

2473 978 2853 1027 contradictoria.

461 3186 533 3251 9.
589 3178 897 3267 Deinde,
951 3177 1332 3250 nominum
1383 3176 1529 3250 alia
1579 3188 1756 3249 sunt
1814 3176 2149 3273 pluribus
2218 3177 2439 3250 rebus
2467 3188 2660 3237 Nomen

363 3291 793 3381 eommunia,
844 3303 933 3364 ut
991 3290 1225 3377 homa,
1287 3289 1519 3362 arbor
1542 3318 1570 3373 ‚·
1656 3290 1802 3363 alia
1857 3289 2166 3387 singulis
2220 3292 2439 3365 rebus

348 3405 712 3503 propria,
771 3416 859 3477 ut
928 3404 1014 3477 Ῑ3
1072 3404 1203 3501 qui
1256 3404 1578 3500 scripsit
1627 3403 1978 3492 Iliadem,
2037 3403 2440 3493 Homer-ue,

361 3517 545 3607 Hie,
603 3517 778 3590 Ille.
883 3518 1170 3590 Nomen
1199 3529 1446 3591 autem
1483 3541 1878 3605 commune,
1937 3540 2105 3589 cum
2141 3516 2238 3589 sit
2271 3516 2434 3613 plu-

358 3630 550 3703 rium
584 3655 831 3704 rerum
866 3630 1243 3727 sigillatim
1290 3643 1753 3727 sumptarum
1786 3653 2084 3719 nomen,
2120 3653 2272 3702 non
2309 3653 2440 3703 au-

360 3754 509 3817 tem
561 3744 945 3817 collective
1000 3745 1328 3817 omnium
1381 3743 1598 3817 simul
1658 3744 1774 3837 (ut
1826 3743 2061 3832 homo,
2115 3765 2268 3816 non
2323 3756 2440 3818 est

356 3856 649 3952 generis
670 3856 974 3930 humani
995 3881 1289 3947 nomen,
1321 3857 1452 3930 sed
1476 3856 2078 3952 uniuscujusque,
2101 3869 2187 3928 ut
2214 3857 2437 3949 Petri,

355 3969 717 4044 Johannis
750 3982 829 4044 et
863 3980 1301 4044 caeterorum
1335 3970 1717 4043 hominum
1753 3969 2091 4066 seorsim)
2126 3983 2437 4045 vocatur

358 4084 453 4156 ob
519 4107 684 4156 eam
737 4106 895 4156 rem
962 4081 1413 4156 universale.
1526 4083 1662 4155 Est
1722 4106 1901 4178 ergo
1964 4106 2236 4156 nomen
2289 4083 2433 4156 1100

360 4195 805 4286 universale,
876 4220 1029 4270 non
1091 4197 1198 4270 rei
1251 4196 1561 4293 alicujus
1618 4195 2003 4270 existentis
2055 4197 2133 4270 in
2184 4219 2435 4269 rerum

358 4322 642 4402 natura,
694 4334 939 4408 neque
973 4310 1181 4401 ideae,
1235 4309 1388 4384 sive
1437 4310 1977 4407 phantasmatis
2011 4309 2320 4405 alicujus
2354 4309 2433 4383 in

2085 4446 2130 4498 c

2465 3269 2623 3303 comm
2628 3269 2689 3302 un
2694 3269 2736 3302 Θ.
