3182 5102
915 563 1082 606 vrrAE
1121 561 1485 606 noBBMNAE
1519 562 1937 608 Anc'ramum.
2467 543 2512 607 li

436 726 732 792 Decanus
776 741 988 792 autem
1044 727 1286 793 Hobbii
1329 728 1561 792 factum
1606 728 2040 805 stomachatus,
2065 743 2515 794 'anteactorum

355 860 601 925 interim
630 862 978 939 immemor,
1014 863 1365 927 Antonium
1387 886 1426 927 a
1449 862 1647 927 Wood
1670 863 1916 927 acribus
1939 864 2272 949 compellat
2289 866 2512 943 verbiS‚

355 1009 648 1083 tanquam
680 997 846 1062 mala
874 998 1000 1063 fide
1028 1013 1578 1085 secumagentem,
1622 1000 1731 1086 qui
1773 999 1909 1084 ‘ipso
1938 1000 2131 1063 inscio
2167 999 2514 1065 clanculam

354 1152 556 1196 rerum
578 1134 869 1198 notitiam
892 1133 1152 1200 Hobbio
1170 1147 1589 1222 suggesserat:
1634 1134 1786 1221 quin
1812 1148 1876 1198 et
1906 1135 2210 1199 acerbiori
2229 1158 2516 1200 sermone

353 1266 411 1329 in
466 1268 801 1334 Hobbium
855 1270 1131 1334 invectus
1183 1283 1313 1348 est3
1373 1292 1500 1333 non
1548 1269 1770 1334 decere
1813 1268 2045 1334 scilicet
2094 1293 2324 1348 senem,
2377 1272 2512 1356 jam

350 1402 703 1488 capularem
733 1418 924 1493 atque
961 1406 1223 1471 alterum
1257 1408 1322 1470 in
1362 1406 1699 1472 Charontis
1751 1407 1976 1492 cymba
2004 1408 2229 1493 pedem
2273 1408 2513 1472 haben-

351 1553 491 1615 tem,
543 1539 628 1605 de
675 1540 979 1607 doctrinae
1036 1542 1201 1607 sama
1257 1558 1323 1608 et
1371 1543 1803 1608 controversiis
1855 1542 2143 1608 literariis
2201 1543 2511 1609 solicitum

350 1701 508 1757 oese3
552 1681 787 1744 animae
816 1680 1021 1766 potius
1050 1680 1232 1744 saluti
1263 1679 1629 1757 consuleret,
1664 1694 1728 1744 et
1756 1678 1835 1744 de
1865 1680 1958 1757 iis,
1992 1703 2135 1767 quae
2166 1681 2247 1745 ad
2277 1680 2510 1746 facilio-

351 1838 476 1878 rem
500 1816 565 1880 in
585 1817 915 1881 beatorum
940 1816 1112 1881 sedes
1135 1817 1481 1903 ingressum
1504 1815 1879 1893 conferrent,
1902 1816 2220 1902 cogitaret.
2291 1817 2508 1892 Quum

351 1974 530 2037 porro
569 1952 656 2016 ad
686 1952 1094 2037 colophonem
1126 1952 1502 2017 Oxoniensis
1545 1952 1821 2016 historiae
1867 1968 2115 2017 vacaret
2154 1953 2392 2031 folium,
2439 1969 2510 2019 ut

348 2088 593 2174 publica
623 2089 814 2152 etiam
859 2088 1337 2174 reprehensione
1370 2087 1699 2153 Hobbium
1744 2090 2102 2177 corriperet,
2144 2107 2508 2178 sequentem

350 2224 572 2309 adjecit
600 2224 945 2311 epistolam.

1097 2470 1368 2534 Em'roa
1403 2469 1727 2535 Lucrom.

430 2643 471 2674 “
494 2635 746 2699 Prodiit
764 2656 967 2720 nuper
983 2633 1200 2698 charta
1217 2633 1471 2711 famosa,
1496 2657 1639 2721 quae
1664 2634 1925 2721 epistola
1944 2634 2211 2700 Thomae
2246 2635 2506 2700 Hobbes

353 2769 932 2836 Malmesburiensis
1000 2771 1084 2835 ad
1137 2773 1467 2835 authorem
1546 2775 1854 2838 Historiae
1914 2783 1979 2837 et
2034 2776 2505 2858 Antiquitatum

358 2911 798 2976 Universitatt‘s
831 2913 1199 2976 oxoniensis
1227 2931 1359 2972 esse
1398 2908 1648 2985 dicitur,
1690 2924 1754 2972 et
1795 2908 2127 2972 inserenda
2155 2906 2237 2972 ad
2265 2931 2325 2993 p.
2359 2912 2518 2998 376,-

349 3044 411 3107 in
439 3044 550 3110 lib.
578 3045 639 3108 ii.
735 3043 831 3108 Ne
869 3060 1076 3109 autem
1108 3045 1360 3109 incauto
1390 3043 1605 3109 lectori
1635 3044 1811 3109 sucus
1856 3044 2085 3108 exinde
2124 3045 2254 3121 fiat,
2297 3044 2508 3129 paucis

346 3180 733 3245 monendum
785 3204 929 3245 eum
988 3181 1302 3259 duximuS,
1363 3182 1782 3246 conviciorum
1821 3181 2149 3244 *sarcinam
2209 3178 2370 3242 hanc
2427 3178 2508 3242 ad

344 3314 578 3381 librum
622 3316 994 3403 praedictum
1035 3319 1295 3383 minime
1333 3319 1690 3405 pertinere3
1733 3340 1921 3404 porro
1952 3315 2186 3381 nullam
2220 3316 2506 3380 idoneam

344 3454 598 3518 subesse
630 3477 898 3532 causam,
945 3478 1057 3519 cur
1093 3458 1412 3522 ‘Irritabile
1454 3459 1622 3522 illud
1661 3466 1725 3519 et
1764 3460 2171 3520 vanissimum
2201 3456 2508 3519 Malmes-

347 3590 636 3656 buriense
662 3597 911 3658 animal
936 3592 1229 3680 adversus
1259 3592 1533 3656 historiae
1562 3591 1883 3677 praedictae
1923 3589 2225 3654 editorem
2256 3588 2508 3653 invehe-

347 3739 544 3789 retur.
640 3725 767 3790 Res
792 3740 923 3791 tota
950 3728 1036 3792 sic
1054 3751 1120 3792 se
1142 3727 1351 3792 habet.
1444 3727 1864 3814 Magnificum
1892 3725 2214 3790 Hobbesio
2233 3723 2507 3811 elogium

346 3859 694 3937 adornavit,
749 3877 877 3939 aut,
939 3861 1109 3948 quod
1165 3886 1312 3928 vero
1336 3864 1638 3950 propius,
1699 3864 1780 3928 ab
1841 3862 2163 3928 Hobbesio
2215 3862 2330 3947 ipsi
2389 3862 2506 3926 sibi

345 3995 743 4074 adornatum,
763 3997 886 4061 huc
906 3998 1522 4085 transmisitquidam
1543 3997 1834 4062 dominus
1856 3997 1897 4062 J
1899 4019 1915 4062 .
1932 3999 2010 4062 A.
2033 4021 2177 4062 eum
2202 3998 2265 4060 in
2292 3997 2503 4073 fmem,

348 4145 418 4193 ut
438 4131 616 4216 operi
645 4131 792 4197 huic
822 4133 1010 4197 inseri
1038 4135 1266 4220 possit:
1311 4148 1379 4199 at
1405 4157 1553 4199 vero
1598 4158 1741 4199 cum
1776 4133 2010 4199 ibidem
2048 4133 2246 4198 multa
2289 4155 2507 4197 occur-

346 4283 560 4331 rerent
608 4269 691 4333 ab
737 4270 1023 4335 instituto
1065 4272 1211 4336 satis
1253 4272 1458 4336 aliena
1495 4288 1559 4337 et
1610 4273 1856 4336 veritati
1904 4272 2161 4336 minime
2213 4292 2504 4346 consona,

349 4422 462 4484 pro
482 4403 629 4487 jure
649 4427 763 4470 suo
794 4405 901 4470 illa
930 4407 1287 4495 recognovit
1315 4407 1518 4472 editor
1543 4436 1559 4488 ;
1606 4408 1693 4471 ita
1722 4420 1928 4470 tamen
1962 4422 2033 4469 ut
2075 4410 2209 4471 ve‘ro
2243 4410 2510 4490 pessime

2187 4563 2221 4603 e
2252 4544 2292 4601 2
