3182 5102
1143 448 1249 498 na·
1291 445 1780 497 GRAva‘l-n.
2354 429 2497 494 429

433 615 617 688 tium
676 614 935 710 lapidis
997 614 1476 710 reciprocum,
1543 615 1622 686 in
1674 614 1869 686 linea
1919 614 2048 686 fiat
2102 612 2222 685 axi
2280 624 2500 684 terrae
2573 615 2747 729 “133
2784 614 2871 665 IV·

434 728 799 824 parallela,
836 728 1172 823 idemque
1207 726 1575 822 ingenitus
1630 725 1718 799 iis
1772 726 1869 799 sit
1917 749 2151 820 usque
2205 749 2252 797 a
2282 747 2502 820 gene-
2603 714 2850 786 κ-νὲϋ

437 841 720 914 ratione
756 841 980 937 ipsius
1014 840 1299 937 lapidis.
1406 841 1665 936 Itaque
1712 864 1882 912 cum
1912 839 2096 936 lapis
2130 839 2207 911 in
2249 837 2504 910 fodina
2559 824 2799 935 ξζξῑξζῗ

438 955 780 1042 existenS,
816 966 892 1026 et
926 978 969 1027 a
1003 965 1210 1027 motu
1244 953 1509 1027 diurno
1542 977 1694 1025 una
1726 977 1893 1026 cum
1943 964 2145 1025 terra
2191 951 2503 1024 circum·
2558 950 2856 1016 westw-

437 1069 651 1156 latuS,
698 1068 991 1141 lationis
1032 1067 1434 1141 secundum
1466 1067 1734 1139 lineam
1776 1066 1988 1139 lineae
2027 1077 2270 1138 motus
2322 1062 2504 1137 reci-

438 1182 642 1276 proci
731 1180 1407 1278 perpendicularem
1472 1181 1697 1276 longo
1773 1191 2104 1275 tempore
2169 1178 2506 1251 habitum

440 1295 883 1390 acquisierit,
908 1292 1044 1367 etsi
1080 1292 1237 1366 axis
1259 1295 1415 1389 ejus
1452 1318 1496 1366 a
1514 1292 2004 1389 parallelismo
2031 1304 2249 1365 terrae
2272 1291 2505 1364 dimo-

440 1420 716 1496 veatur,
753 1407 1102 1481 retinebit
1135 1420 1382 1479 tamen
1432 1418 1782 1480 conatum
1830 1405 2181 1479 redeundi
2216 1406 2295 1478 in
2328 1429 2507 1477 eun-

440 1521 605 1594 dem
633 1521 875 1593 situm.
980 1519 1110 1593 Est
1137 1532 1385 1593 autem
1421 1532 1728 1593 conatus
1765 1532 2011 1592 motus
2040 1518 2503 1615 principium,

444 1659 587 1730 quo
624 1634 819 1722 date,
860 1633 1206 1730 nulloque
1252 1634 1753 1707 intercedente
1794 1633 2341 1730 impedimentO,
2391 1654 2507 1704 re-

444 1748 627 1821 dibit
661 1771 962 1844 magnes
1018 1747 1114 1820 ad
1146 1747 1368 1821 situm
1413 1749 1755 1844 priorem.
1862 1747 2264 1822 Quodlibet
2314 1745 2509 1819 enim

442 1860 741 1948 ferrum,
787 1861 849 1934 si
892 1860 1114 1956 longo
1161 1874 1489 1956 tempore
1533 1861 1610 1933 in
1655 1861 1875 1956 plano
1922 1859 2306 1932 meridiani
2360 1859 2510 1932 col-

442 1974 765 2048 locatum
823 1973 1286 2070 requieverit,
1344 1974 1568 2046 etiam
1628 1973 1800 2055 inde
1851 1972 2231 2062 dimotum,
2292 1972 2511 2047 modo

445 2088 674 2160 libere
724 2085 1004 2160 moveri
1065 2085 1323 2182 possit,
1382 2085 1479 2159 ad
1532 2086 2013 2159 meridianum
2080 2096 2511 2178 revertetur,

447 2200 815 2287 nimirum,
850 2224 897 2271 a
929 2209 1226 2287 conatu,
1264 2222 1480 2295 quem
1505 2223 1551 2272 a
1583 2211 1793 2272 motu
1825 2210 2044 2274 terrae
2071 2200 2513 2296 acquisierat

448 2314 523 2385 in
579 2312 867 2385 circulis
909 2312 1297 2408 parallelis,
1351 2313 1475 2408 qui
1524 2324 1696 2385 sunt
1747 2314 2174 2413 meridianis
2201 2338 2512 2410 perpen-

444 2426 829 2526 ‚diculares

551 2539 770 2615 Quod
812 2539 872 2613 si
921 2538 1116 2613 ferro
1161 2563 1460 2636 magnes
1508 2539 1906 2629 affricetur‚
1961 2540 2186 2613 ductu
2236 2538 2515 2613 scilicet

451 2666 653 2727 recto
714 2654 806 2725 ab
859 2677 1007 2726 uno
1059 2654 1228 2748 polo
1284 2653 1378 2726 ad
1438 2653 1773 2742 alterum,
1837 2654 2268 2750 contingent
2321 2653 2511 2736 duo;

451 2767 787 2854 alterum,
826 2765 1023 2860 quod
1056 2766 1331 2838 ferrum
1364 2766 1712 2839 virtutem
1740 2768 2069 2863 acquiret
2089 2767 2513 2840 directionis

453 2880 758 2953 eandem
794 2902 960 2951 cum
1006 2890 1373 2974 magnete,
1421 2878 1501 2951 id
1549 2891 1684 2969 est,
1736 2891 1818 2952 ut
1868 2881 2197 2976 quiescat
2233 2881 2312 2953 in
2363 2904 2514 2954 me-

454 2994 759 3078 ridiano,
820 3016 1177 3088 axemque
1246 3003 1322 3065 et
1374 2992 1580 3089 polos
1634 2994 1905 3066 habeat
1969 2994 2263 3068 eosdem
2330 3016 2515 3090 quos

452 3107 681 3202 lapis3
734 3106 1067 3194 alterum,
1115 3117 1201 3176 ut
1253 3105 1404 3201 poli
1454 3105 1719 3202 lapidis
1771 3119 1845 3179 et
1895 3108 2070 3181 ferri
2128 3132 2206 3180 se
2257 3119 2515 3180 mutuo

455 3220 722 3293 similes
757 3218 1078 3314 abigant,
1123 3217 1505 3291 dissimiles
1550 3231 1926 3315 appetant.
2031 3220 2270 3293 Causa
2299 3221 2517 3317 primi

455 3356 607 3405 esse
642 3343 907 3428 potest,
945 3331 1142 3427 quod
1174 3355 1307 3427 per
1340 3332 1730 3421 affrictum,
1775 3334 2002 3407 ductu
2051 3335 2328 3407 factum
2367 3359 2513 3407 non

456 3446 850 3541 reciprocO,
899 3444 1028 3517 sed
1061 3444 1180 3516 via
1222 3467 1510 3539 semper
1543 3446 1798 3518 eadem
1831 3472 1877 3520 a
1907 3448 2078 3543 polo
2113 3448 2208 3520 ad
2240 3448 2515 3544 polum,

454 3558 676 3629 etiam
707 3558 902 3630 ferro
937 3557 1379 3653 imprimitur
1432 3572 1743 3633 conatus
1788 3561 1880 3633 ab
1928 3562 2185 3634 eodem
2221 3562 2390 3658 polo
2423 3562 2519 3635 ad

458 3670 792 3743 eundem.
892 3671 1075 3744 Cum
1127 3670 1322 3742 enim
1373 3694 1679 3767 magnes
1713 3697 1759 3745 a
1789 3671 1986 3747 ferro
2024 3700 2171 3748 non
2208 3675 2519 3765 differat,

458 3784 597 3856 nisi
630 3796 712 3857 ut
738 3784 1013 3856 ferrum
1048 3783 1355 3856 crudum
1390 3807 1436 3855 a
1479 3796 1719 3874 cocto,
1771 3785 2046 3860 ferrum
2099 3799 2393 3861 coctum
2426 3789 2522 3862 ad

460 3910 760 3983 motum,
822 3897 947 3993 qui
1006 3898 1082 3969 in
1150 3897 1391 3992 lapide
1460 3908 1596 3984 est,
1657 3899 2179 3996 recipiendum,
2248 3901 2524 3975 nullam

457 4011 679 4083 habet
709 4010 1291 4106 repugnantiam.
1398 4011 1506 4083 Ex
1563 4035 1709 4105 quo
1745 4014 2095 4109 sequitur,
2140 4025 2228 4087 ut
2260 4015 2336 4088 in
2370 4040 2524 4089 mo-

459 4137 616 4196 tum
653 4135 867 4197 terrae
900 4147 1107 4219 aeque
1144 4124 1703 4212 consentienteS,
1750 4125 1845 4198 ad
1880 4127 2101 4199 situm
2136 4129 2272 4201 sub
2306 4129 2522 4202 meri-

459 4238 777 4326 dianum,
816 4238 877 4310 si
912 4236 1081 4310 inde
1110 4237 1614 4328 deturbentur,
1643 4262 1851 4334 aeque
1876 4239 2200 4314 redeant.
2288 4241 2523 4316 Causa

459 4351 757 4424 secundi
817 4375 973 4425 esse
1033 4363 1299 4446 potest,
1364 4350 1559 4446 quod
1613 4352 1691 4424 in
1751 4353 2042 4426 affrictu
2099 4353 2360 4449 lapidis
2428 4354 2523 4427 ad
