3182 5102
569 512 755 579 xcviii
1343 529 1493 572 viu
1525 529 1684 576 Tuo,
1712 528 1993 573 noum-28.

747 698 1033 785 Exiguus
1064 696 1215 760 mihi
1246 695 1478 762 fundus
1508 709 1645 760 erat
1673 696 2089 783 propriusque
2117 695 2389 774 relictus,

829 834 1037 909 Quem
1070 832 1246 898 fratri
1277 832 1464 910 dono,
1497 831 1724 897 ductus
1752 853 1987 909 amore,
2019 831 2187 897 dedi.

747 971 951 1035 Parva
978 969 1359 1057 superficies,
1392 968 1503 1034 sed
1531 968 1730 1034 millia
1757 968 1958 1034 multa
1987 968 2229 1033 ferebat

832 1109 1196 1174 Granorum
1228 1108 1437 1184 tritici,
1471 1129 1619 1172 nam
1650 1108 1821 1172 bona
1849 1121 2019 1171 terra
2046 1105 2188 1171 suit.

747 1246 973 1332 Longa
1001 1244 1147 1309 satis
1177 1244 1337 1308 votis
1366 1266 1629 1330 regum3
1674 1257 1740 1307 et
1768 1243 1890 1307 nisi
1920 1258 2053 1308 tota
2079 1240 2374 1307 deorsum

829 1381 1033 1447 Tensa
1063 1381 1241 1458 soret,
1278 1381 1423 1445 Rex
1450 1402 1623 1445 nunc
1653 1402 1919 1469 magnus
1947 1379 2214 1447 haberer
2242 1403 2379 1467 ego.

751 1519 845 1583 Ut
869 1519 1147 1606 primum
1178 1517 1330 1582 belli
1360 1518 1526 1583 sensi
1556 1518 1755 1583 civilis
1784 1516 2074 1594 odorem,

834 1654 920 1718 Et
948 1654 1253 1740 populum
1281 1668 1503 1721 ventos
1533 1653 1665 1718 vidi
1692 1653 1962 1742 agitasse
1990 1654 2193 1719 levem
2221 1677 2236 1715 ε

746 1793 986 1867 Quaero
1015 1790 1224 1856 locum
1253 1789 1495 1868 studiis,
1527 1805 1596 1856 et
1623 1790 1770 1855 vitae
1798 1790 2309 1866 commodiorem,

835 1927 1008 1991 Hinc
1036 1949 1139 1991 me
1171 1926 1444 1992 Parisios
1474 1928 1783 1993 transfero
1809 1950 2073 2015 remque
2101 1949 2330 1993 meam.

751 2062 1136 2152 Quingentae
1167 2063 1322 2128 mihi
1350 2079 1487 2129 erat
1514 2078 1846 2130 numerata
1873 2064 2144 2150 pecunia
2169 2064 2374 2140 librae,

837 2199 1001 2265 Cum
1032 2197 1280 2286 fugiens
1307 2200 1529 2286 patriae
1557 2199 1774 2267 littora
1798 2199 2020 2287 linquo
2048 2222 2245 2265 meae:

751 2335 872 2400 His
899 2336 1041 2402 aliae
1069 2335 1257 2423 paqu
1285 2352 1428 2423 post
1452 2359 1768 2405 accessere
1796 2337 2154 2421 ducentae‚†

840 2471 927 2537 Et
953 2471 1139 2536 simul
1169 2474 1511 2540 immensus
1538 2487 2009 2561 perpetuusque
2037 2471 2236 2538 dolor.

755 2607 1190 2694 (Godolphine
1209 2611 1423 2696 jaces;
1470 2630 1650 2696 purae
1681 2609 1940 2675 rationis
1967 2624 2229 2686 amator,

837 2744 877 2809 J
882 2746 1110 2810 ustitiae
1139 2761 1204 2811 et
1233 2746 1390 2810 Veri
1417 2745 1597 2811 miles
1624 2746 1916 2824 amande,
1943 2745 2132 2827 vale.)

754 2881 950 2946 Venit
978 2895 1044 2946 et
1071 2905 1108 2947 e
1136 2883 1341 2969 patria
1369 2882 1525 2946 mihi
1555 2883 1775 2969 pensio
1803 2897 1977 2948 certa
1997 2881 2357 2970 quotannis,

839 3016 985 3100 Bisss
1017 3017 1451 3106 quadragintis
1473 3018 1755 3084 constitit
1783 3018 1892 3083 illa
1917 3017 2116 3094 libris.

756 3153 1008 3219 Deinde
1041 3155 1244 3219 redux
1267 3154 1423 3218 mihi
1458 3155 1604 3219 Rex
1632 3155 1936 3221 concessit
1964 3154 2198 3220 habere
2226 3154 2562 3242 quotannis

843 3292 1120 3356 Centum
1146 3290 1300 3356 alias
1327 3289 1520 3356 libras
1549 3291 1743 3378 ipsius
1771 3313 1854 3356 ex
1880 3290 2119 3368 loculis,

758 3425 965 3492 Dulce
994 3426 1148 3491 mihi
1177 3426 1438 3495 donum.
1529 3427 1834 3493 Convicia
1859 3449 2090 3514 sperno
2118 3427 2407 3504 aliorum,

846 3563 1121 3639 Quando
1151 3578 1309 3630 teste
1337 3565 1471 3652 ipso
1491 3566 1747 3651 judicor
1775 3588 1909 3632 esse
1936 3567 2194 3653 probus.

765 3700 888 3765 His
915 3724 1034 3790 ego
1063 3717 1394 3769 contentus
1423 3704 1585 3782 vivo,
1618 3728 1737 3771 nec
1765 3705 2033 3791 praefero
2062 3703 2283 3793 plura;

848 3836 1009 3913 Quis
1038 3838 1226 3904 vellet
1251 3862 1440 3906 sanus
1469 3864 1538 3906 re
1567 3842 1777 3907 minor
1804 3864 1938 3907 esse
1966 3839 2126 3907 sua?

766 3973 949 4051 Rem,
981 3973 1033 4038 si
1063 3974 1321 4062 quando
1349 3976 1545 4055 lubet,
1578 4000 1693 4064 per
1722 3992 1957 4043 vestros
1984 3991 2257 4064 supputo
2289 3981 2537 4054 Sousoe,

856 4110 952 4175 Ut
979 4110 1094 4175 fiat
1120 4112 1360 4199 major:
1406 4113 1458 4178 si
1483 4135 1693 4202 neque
1721 4113 1809 4178 sic
1837 4113 1985 4179 satis
2007 4126 2123 4191 est,

695 4377 724 4436 †
749 4368 828 4424 Ex
850 4375 1034 4438 Legato
1057 4374 1203 4439 sydn.
1230 4375 1539 4442 Godolphini.
1789 4379 1816 4437 1
1838 4374 1917 4425 Ex
1934 4390 2134 4426 munere
2156 4374 2360 4424 Comitis
2381 4374 2631 4426 Devonioe.
