3182 5102
718 470 863 537 286
1213 482 1318 532 DE
1361 481 1874 532 aArlomsz
1916 453 2305 531 Mo'rmm.

1437 824 1761 899 CAPUT
1810 825 2100 898 XXIII.

721 1050 828 1102 DE
873 1049 1199 1104 CENTRO
1239 1050 1745 1117 AEQUILIBRII
1811 1050 2102 1105 EORUM
2150 1049 2340 1116 QUAE
2396 1050 2802 1103 PREMUNT

1036 1163 1495 1217 SECUNDUM
1543 1163 1855 1218 RECTAS
1900 1163 2461 1217 PARALLELAS.

722 1302 773 1358 1.
815 1298 1194 1358 Definitiones
1235 1310 1293 1358 et
1338 1300 1867 1377 hypotheses.—2.
1923 1300 2059 1358 Duo
2113 1300 2282 1377 plana
2335 1300 2639 1376 aequilibrii
2681 1318 2798 1356 non

794 1399 929 1448 sunt
966 1392 1387 1467 pamllelm—ss.
1430 1392 1709 1450 Centrum
1735 1393 2039 1469 aequilibrii
2082 1400 2168 1449 aet
2194 1393 2251 1449 in
2280 1392 2538 1468 quolibet
2576 1390 2800 1466 aequili-

796 1483 906 1542 brii
945 1485 1304 1559 plana—4.
1367 1484 1816 1542 Ponderantium
1870 1485 2180 1561 aequalium
2227 1493 2519 1541 momenta
2563 1492 2696 1539 sunt
2735 1483 2796 1538 in

796 1576 1017 1633 ratione
1064 1576 1460 1633 distantiarum
1509 1594 1543 1633 a
1589 1585 1788 1633 centro
1840 1576 2022 1633 librae.
2053 1578 2190 1643 —5‚
2238 1579 2298 1635 6.
2344 1573 2795 1631 Ponderantium

797 1667 1164 1743 inaequalium
1210 1676 1500 1725 momenta
1543 1674 1679 1724 sunt
1724 1668 1783 1723 in
1837 1667 2058 1724 ratione
2106 1667 2424 1741 composita
2463 1684 2535 1723 ex
2575 1665 2797 1722 ratione

796 1760 1117 1834 ponderum
1163 1767 1223 1817 et
1268 1761 1665 1817 distantiarum
1707 1778 1744 1816 a
1788 1766 1986 1817 centro
2032 1760 2195 1816 librae
2237 1759 2688 1834 reciproca.—7.
2733 1757 2795 1815 Si

797 1852 912 1908 duo
939 1852 1315 1926 ponderantia
1353 1850 1568 1909 habent
1606 1858 1896 1907 momenta
1934 1858 1993 1907 et
2018 1849 2311 1907 distantias
2348 1869 2383 1906 a
2410 1856 2607 1906 centro
2633 1849 2797 1906 librae

797 1944 857 1999 in
904 1943 1123 2000 ratione
1170 1943 1480 2019 reciproca,
1520 1942 1588 1999 fit
1628 1942 2046 2017 aequilibrium3
2086 1951 2145 1999 et
2184 1942 2694 1999 conversim—8.
2734 1940 2795 1998 Si

797 2035 1165 2110 ponderantis
1203 2042 1393 2111 partes
1432 2035 1730 2112 aequaliter
1772 2034 1988 2111 ubique
2034 2034 2258 2091 radium
2308 2033 2469 2090 librae
2510 2042 2795 2109 premunt,

798 2128 1095 2185 habebunt
1139 2138 1328 2204 partes
1374 2127 1615 2204 singulae
1661 2128 1944 2197 abscissae,
1998 2134 2242 2202 sumptae
2296 2144 2333 2183 a
2372 2133 2571 2183 centro
2610 2125 2792 2190 librae,

800 2227 1091 2276 momenta
1116 2220 1173 2276 in
1195 2219 1394 2277 eadem
1418 2220 1566 2276 inter
1591 2238 1652 2276 se
1673 2220 1912 2285 ratione,
1935 2219 1992 2274 in
2014 2236 2130 2294 qua
2148 2224 2283 2275 sunt
2308 2226 2499 2292 partes
2528 2216 2797 2292 trianguli

799 2310 1063 2368 abscissae
1108 2329 1143 2368 a
1189 2311 1402 2367 vertice
1448 2328 1552 2386 per
1596 2317 1778 2367 rectas
1814 2311 1936 2367 basi
1973 2309 2286 2385 parallelas.
2310 2340 2380 2349 —-
2402 2313 2459 2368 9.
2500 2307 2798 2364 Diameter

798 2402 1103 2478 oequilibrii
1155 2402 1469 2478 figurarum
1516 2402 1908 2459 deficientium
1955 2402 2273 2459 secundum
2320 2401 2568 2458 rationes
2608 2399 2798 2455 altitu-

800 2494 1000 2550 dinum
1027 2501 1086 2551 et
1111 2494 1335 2551 basium
1362 2493 1919 2562 commensurabiles,
1949 2491 2153 2550 dividit
2177 2511 2344 2550 axem
2373 2493 2454 2549 ita
2479 2499 2543 2548 ut
2568 2509 2699 2568 pars
2726 2490 2797 2547 ad

802 2588 1074 2644 verticem
1115 2587 1190 2643 sit
1228 2587 1300 2643 ad
1344 2586 1639 2661 reliquam,
1683 2595 1748 2643 ut
1771 2586 1958 2662 figura
1994 2587 2277 2662 completa
2317 2586 2391 2643 ad
2420 2585 2797 2642 deficientem.

803 2682 893 2737 10.
938 2678 1237 2736 Diameter
1261 2678 1565 2754 aequilibrii
1593 2678 1993 2754 complementi
2020 2680 2265 2736 semissis
2293 2677 2597 2755 cujuslibet
2622 2677 2800 2733 dicta·

801 2789 928 2828 rum
954 2770 1268 2847 figurarum
1285 2770 1691 2839 deficientium,
1719 2770 1923 2827 dividit
1950 2789 2093 2838 eam,
2115 2788 2246 2846 quae
2273 2789 2377 2846 per
2398 2769 2668 2827 verticem
2695 2769 2799 2825 du-

803 2864 953 2920 citur
977 2863 1101 2920 basi
1139 2863 1421 2939 parallela,
1467 2864 1547 2920 ita
1584 2870 1648 2919 ut
1687 2881 1818 2938 pars
1864 2863 1936 2920 ad
1980 2863 2251 2921 verticem
2295 2864 2369 2920 sit
2410 2862 2482 2919 ad
2524 2861 2801 2936 reliquam

803 2963 868 3012 ut
888 2954 1073 3031 figura
1093 2955 1378 3030 completa
1404 2955 1476 3011 ad
1496 2954 2107 3030 complementum-1
2122 2957 2172 3011 1.
2193 2955 2471 3011 Centrum
2499 2951 2801 3028 aequilibrii

801 3047 1047 3104 semissis
1067 3046 1371 3123 cujuslibet
1390 3046 1706 3122 figurarum
1726 3046 1895 3121 primi
1924 3045 2138 3102 ordinis
2165 3048 2223 3101 in
2245 3044 2455 3102 tabella
2480 3052 2585 3100 art.
2602 3049 2657 3111 3,
2676 3061 2800 3118 cap.

803 3154 961 3194 xvn.
1008 3138 1295 3194 invenitur
1322 3156 1426 3212 per
1462 3154 1731 3194 numeros
1767 3136 1980 3193 ordinis
2021 3135 2365 3193 secundi.—·
2391 3138 2483 3192 12.
2524 3134 2801 3193 Centrum

804 3229 1106 3305 aequilibrii
1156 3230 1401 3287 semissis
1437 3228 1742 3306 cujuslibet
1782 3228 1982 3304 figurae
2021 3228 2254 3285 secundi
2297 3227 2511 3284 ordinis
2547 3225 2803 3304 ejusdem

802 3320 1042 3389 tabellae,
1082 3321 1368 3378 invenitur
1402 3339 1506 3396 per
1547 3339 1815 3378 numeros
1855 3319 2069 3377 ordinis
2106 3320 2313 3396 quarti.
2332 3351 2408 3361 --
2431 3323 2523 3378 13.
2553 3319 2802 3394 Cognito

804 3419 1001 3468 centro
1044 3412 1349 3486 aequilibrii
1397 3411 1643 3468 semissis
1684 3410 1988 3488 cujuslibet
2026 3410 2227 3484 figurae
2267 3410 2490 3467 tabellae
2530 3409 2800 3485 ejusdem,

805 3503 1172 3578 cognoscitur
1217 3510 1275 3559 et
1315 3509 1575 3560 centrum
1618 3521 1897 3570 excessua
1940 3520 2056 3578 quo
2085 3521 2155 3559 ea
2187 3510 2421 3577 superat
2455 3500 2802 3577 triangulum

804 3593 1057 3670 ejusdem
1084 3594 1237 3651 basis
1264 3602 1323 3652 et
1357 3595 1866 3653 altitudinis.—14.
1907 3594 2185 3653 Centrum
2226 3595 2527 3670 aequilibrii
2568 3592 2803 3650 sectoris

805 3685 970 3743 solidi
993 3694 1079 3744 est
1103 3688 1160 3743 in
1191 3705 1313 3755 axe,
1343 3687 1423 3744 ita
1449 3686 1648 3754 divise,
1674 3695 1736 3742 ut
1761 3704 1891 3761 pars
1918 3704 1953 3742 a
1981 3687 2193 3744 vertice
2219 3687 2294 3743 sit
2313 3686 2386 3744 ad
2414 3693 2597 3743 totum
2618 3702 2801 3751 axem,

806 3778 1039 3853 dempto
1066 3779 1303 3836 dimidio
1329 3779 1452 3836 axis
1478 3778 1757 3853 portionis
1783 3777 2036 3853 sphaerae,
2067 3784 2132 3833 ut
2157 3781 2193 3836 3
2222 3777 2296 3834 ad
2322 3782 2379 3835 4.

1451 3929 2080 3981 DEFINITIONES.

341 4046 514 4094 PARS
552 4045 656 4096 111·
740 4046 801 4108 1.
855 4035 1118 4109 LIBRA
1156 4045 1267 4107 est
1300 4035 1499 4107 linea
1546 4047 1771 4122 recta,
1817 4034 2024 4129 cujus
2074 4032 2398 4106 medium
2445 4043 2804 4128 punctum

341 4112 641 4273 ᾖξ’-υ
731 4161 1027 4222 tenetur
1102 4147 1500 4236 immobile,
1569 4160 1838 4220 caetera
1921 4148 2168 4220 omnia
2231 4158 2508 4244 puncta
2574 4145 2807 4217 libera

392 4242 417 4274 ⁰
455 4236 671 4275 mmm*
730 4275 923 4335 sunt.
1021 4262 1353 4358 Utraque
1388 4275 1638 4334 autem
1671 4285 1842 4357 pars
1875 4261 2107 4350 librae,
2145 4273 2435 4357 sumpta
2469 4285 2515 4332 a
2549 4272 2807 4332 centro

731 4376 828 4449 ad
859 4399 1261 4470 appensum
1296 4375 1609 4471 ponduS‚
1647 4387 1955 4448 vocatur
1990 4375 2280 4447 radius.
