3182 5102
418 691 594 742 PARS
621 695 669 743 1.

510 762 563 807 4.

436 1819 569 1870 Quid
588 1821 653 1869 sit

431 1885 482 1931 in
506 1886 666 1935 animo

430 1949 711 2013 syllogismo

425 2016 733 2079 respondens.

774 488 863 551 44
1253 504 1785 559 COMPUTATIO
1826 510 2015 560 srva·
2056 509 2379 562 LoGICA.

771 666 1022 741 nullus
1065 667 1272 743 homo
1302 682 1419 744 est
1451 672 1684 772 lapis,
1731 675 2100 773 quicquid
2127 702 2268 748 non
2306 684 2422 748 est
2456 674 2664 773 lapis
2700 702 2844 749 non

768 791 886 853 est
943 781 1164 874 silex,
1227 810 1417 883 ergo
1486 787 1738 860 nullus
1805 789 2016 861 homo
2082 797 2200 861 est
2266 788 2489 879 silex,
2547 790 2687 863 etsi
2755 815 2849 864 ex

768 895 1006 969 tribus
1036 909 1329 971 constet
1364 901 1755 996 negativiS,
1793 914 1907 976 est
1940 914 2191 975 tamen
2217 903 2612 999 legitimus.
2697 905 2839 978 Sed

766 1010 1116 1105 quoniam
1149 1011 1228 1084 in
1261 1012 1729 1110 philosophia
1762 1018 1971 1111 cujus
2007 1027 2121 1089 est
2151 1015 2243 1088 de
2268 1017 2844 1112 proprietatibus

765 1146 1015 1209 rerum
1073 1125 1367 1222 regulas
1430 1139 1758 1201 statuere
1816 1127 2292 1218 universaleS,
2362 1140 2439 1200 et
2499 1129 2846 1225 negativa

764 1260 917 1310 non
953 1237 1246 1312 differat
1274 1239 1366 1312 ab
1389 1240 1850 1330 affirmativa,
1886 1240 2030 1313 nisi
2067 1241 2268 1337 quod
2293 1241 2373 1313 in
2406 1241 2546 1315 hac
2568 1267 2840 1316 nomen

762 1351 1188 1446 positivum,
1235 1353 1314 1427 in
1367 1353 1493 1427 illa
1547 1354 1976 1452 negativum
2033 1353 2126 1428 de
2180 1355 2513 1450 subjecto
2570 1355 2840 1429 affirm-

762 1474 955 1554 atur,
1010 1467 1460 1562 superfluum
1496 1479 1611 1541 est
1645 1468 1871 1541 alium
1907 1468 2209 1541 modum
2259 1467 2727 1542 considerare
2760 1470 2839 1542 in

760 1578 1001 1675 figura
1034 1579 1340 1669 directa,
1375 1593 1650 1678 praeter
1684 1606 1853 1655 eum
1899 1582 1978 1654 in
2014 1606 2160 1677 quo
2211 1604 2467 1654 omnes
2500 1583 2839 1679 proposi-

761 1691 1002 1765 tiones
1040 1704 1215 1766 sunt
1249 1706 1325 1766 et
1352 1694 1805 1768 universales
1842 1708 1918 1768 et
1947 1695 2426 1769 affirmativae.

862 1814 930 1879 8.
988 1806 1427 1904 Syllogismo
1484 1807 1769 1882 directo
1824 1808 2179 1904 cogitatio
2243 1807 2319 1879 in
2377 1807 2622 1880 animo
2656 1832 2834 1882 ‚res-

757 1918 1093 2034 pondens
1142 1932 1256 1993 est
1296 1919 1765 2016 hujusmodi;
1836 1920 2076 2017 primo
2132 1920 2547 2015 concipitur
2594 1921 2829 2016 phan-

756 2041 995 2104 tasma
1047 2032 1155 2104 rei
1216 2032 1617 2106 nominatae
1681 2058 1848 2107 cum
1902 2032 2286 2106 accidente
2349 2033 2502 2105 sive
2544 2034 2832 2108 affectu

756 2145 914 2238 ejus
946 2156 1255 2273 propter
1288 2170 1508 2241 quem
1558 2146 1973 2242 appellatur
2008 2169 2095 2218 eo
2147 2144 2447 2218 nomine
2483 2145 2683 2241 quod
2718 2159 2833 2219 est

754 2257 831 2330 in
884 2258 1168 2332 minore
1200 2259 1707 2356 propositione
1743 2258 2201 2354 subjectum,-
2257 2258 2522 2332 deinde
2583 2260 2829 2334 animo

756 2371 1081 2445 occurrit
1150 2372 1590 2469 phantasma
1658 2372 1987 2470 ejusdem
2041 2372 2149 2444 rei
2205 2396 2373 2445 cum
2442 2371 2827 2446 accidente

751 2484 905 2559 sive
958 2487 1230 2560 affectu
1281 2498 1589 2583 propter
1648 2508 1866 2583 quem
1921 2509 2008 2559 eo
2064 2484 2362 2559 nomine
2415 2486 2830 2582 appellatur

747 2599 947 2695 quod
974 2611 1092 2672 est
1118 2601 1195 2674 in
1217 2600 1474 2674 eadem
1500 2599 2007 2697 propositione
2031 2599 2561 2696 praedicatum.
2646 2601 2827 2674 Ter-

743 2713 850 2786 tio
887 2713 1083 2786 redit
1117 2713 1473 2810 cogitatio
1507 2736 1762 2786 rursus
1798 2713 1895 2786 ad
1927 2737 2082 2785 rem
2116 2713 2598 2803 nominatam,
2653 2738 2821 2787 cum

740 2827 1012 2900 affectu
1062 2838 1369 2924 propter
1419 2850 1638 2923 quem
1689 2850 1777 2899 eo
1828 2826 2127 2898 nomine
2173 2826 2587 2921 appellatur
2620 2828 2821 2923 quod

741 2953 855 3014 est
888 2941 964 3013 in
998 2940 1402 3038 praedicato
1435 2939 1964 3037 propositionis
1998 2940 2322 3034 majoris.
2429 2939 2810 3015 Postremo

740 3078 908 3128 cum
969 3053 1387 3127 meminerit
1443 3077 1569 3127 eos
1624 3055 1932 3127 affectus
1981 3076 2140 3125 esse
2182 3077 2436 3125 omnes
2484 3053 2700 3125 unius
2737 3067 2816 3127 et

737 3166 1068 3263 ejusdem
1120 3166 1252 3255 rei,
1316 3165 1699 3239 concludit
1758 3164 1904 3238 tria
1956 3165 2083 3238 illa
2132 3165 2436 3238 nomina
2483 3166 2812 3261 ejusdem

735 3305 1030 3378 quoque
1091 3280 1200 3353 rei
1255 3302 1414 3352 esse
1475 3279 1819 3361 nomina;
1887 3279 2034 3352 hoc
2093 3291 2207 3352 est
2263 3279 2810 3352 conclusionem

735 3417 895 3467 esse
916 3417 1189 3466 veram.
1270 3392 1605 3487 Exempli
1635 3415 1877 3480 causa,
1908 3390 2203 3487 quando
2225 3392 2312 3464 fit
2339 3391 2805 3488 syllogismus

731 3508 877 3597 hic,
926 3507 1133 3580 homo
1193 3513 1309 3578 est
1363 3504 1668 3593 animal,
1731 3503 2016 3576 animal
2065 3513 2182 3576 est
2240 3529 2537 3602 corpus,
2602 3529 2804 3602 ergO,

728 3619 937 3692 homo
1001 3629 1118 3691 est
1176 3641 1478 3714 corpu-5¹,
1534 3616 1859 3689 occurrit
1905 3617 2150 3690 animo
2192 3617 2437 3714 imago
2485 3617 2804 3692 hominis

728 3731 1102 3829 loquentis
1134 3730 1252 3803 vel
1286 3729 1737 3818 disserentiS‚
1787 3729 2268 3827 meminitque
2322 3730 2401 3802 id
2460 3730 2659 3826 quod
2696 3731 2804 3804 sic

724 3858 1033 3943 apparet
1065 3843 1315 3918 vocari
1350 3843 1728 3915 hominem.
1831 3843 2117 3916 Deinde
2169 3843 2494 3917 occurrit
2544 3845 2802 3918 eadem

725 3959 969 4054 imago
1007 3956 1333 4055 ejusdem
1368 3955 1689 4028 hominis
1713 3980 1870 4029 sese
1900 3957 2286 4045 moventiS,
2316 3957 2800 4054 meminitque

724 4072 804 4144 id
831 4071 1031 4167 quod
1059 4070 1166 4143 sic
1200 4081 1509 4167 apparet
1537 4068 1786 4142 vocari
1814 4068 2118 4140 animal.
2203 4068 2457 4142 Tertio
2480 4071 2799 4144 recurrit

723 4184 979 4258 eadem
1013 4185 1256 4279 imago
1290 4181 1612 4255 hominis
1645 4182 1891 4254 locum
1936 4181 2254 4278 aliquem
2288 4181 2441 4255 sive
2477 4183 2797 4279 spatium

722 4296 1177 4393 occupantiS,
1204 4295 1686 4392 meminitque
1719 4295 1798 4367 id
1833 4295 2032 4391 quod
2065 4294 2170 4367 sic
2203 4308 2512 4391 apparet
2544 4298 2797 4370 vocari

721 4435 1022 4509 corpus,
1125 4410 1507 4483 Postremo
1544 4432 1713 4482 cum
1747 4408 2165 4482 meminerit
2198 4432 2356 4482 rem
2389 4409 2592 4483 illam
2628 4435 2794 4507 quae
