3182 5102
996 506 1163 550 VITAE
1196 506 1563 551 HOBBIANAE
1594 505 2023 551 immutamu-
2448 483 2583 547 Xllli

398 670 739 748 conflatur,
770 671 1276 758 gravissimorum
1297 671 1635 736 criminum
1661 670 1998 758 postulant.
2089 669 2306 745 Quare
2333 693 2581 735 summa

405 829 552 872 cum
579 807 981 872 vehementia
1008 808 1368 896 increpitus,
1400 808 1799 896 magistratus
1834 806 2174 872 academici
2201 806 2583 871 authoritate

406 943 643 1010 carceri
673 944 948 1011 inclusus
976 960 1106 1024 est;
1151 961 1365 1033 postea
1391 945 1595 1034 gradu
1632 946 1931 1031 privatus,
1972 943 2301 1009 sodalitate
2329 958 2578 1018 exutus,

408 1081 730 1148 academia
776 1082 1091 1170 expulsus,
1143 1083 1319 1170 prius
1372 1097 1582 1148 tamen
1633 1104 1879 1147 summa
1927 1104 2072 1146 cum
2119 1082 2468 1168 ignominia
2515 1095 2581 1145 et

411 1216 721 1283 dedecore
747 1234 998 1285 coactus
1032 1234 1146 1294 est,
1188 1242 1303 1306 pro
1341 1220 1643 1285 concione
1685 1219 1753 1283 in
1798 1218 2030 1305 templo
2074 1217 2346 1304 publico,
2367 1218 2582 1282 theses

411 1378 555 1421 suas
583 1372 887 1444 tanquam
915 1357 1034 1423 sibi
1061 1380 1101 1421 a
1144 1357 1414 1422 Plutone
1451 1357 1808 1434 submissas,
1839 1354 1922 1421 ad
1957 1355 2217 1442 Stygem
2245 1354 2581 1433 damnare3

411 1513 644 1579 casque
669 1514 823 1579 erga
844 1492 1175 1556 Summum
1204 1489 1456 1557 Numen
1488 1491 1728 1578 impias,
1753 1490 2053 1577 omnique
2075 1490 2369 1554 humanae
2391 1489 2583 1554 socie-

415 1628 529 1693 tati
556 1629 1125 1714 perniciosissimas,
1155 1629 1594 1715 pronunciare.

506 1763 611 1828 Sic
654 1780 795 1829 acta
855 1780 951 1830 est
993 1764 1210 1829 isthaec
1261 1764 1644 1853 tragediola3
1718 1763 2012 1829 Hobbius
2056 1777 2269 1826 autem
2314 1760 2585 1825 nominis

413 1899 512 1963 sui
552 1899 1078 1964 existimationem
1129 1899 1376 1984 injustis
1436 1898 1766 1964 calumniis
1809 1898 2025 1963 laesam
2067 1896 2247 1962 facile
2290 1897 2582 1974 sentiena

414 2034 725 2122 dogmatis
752 2036 879 2101 suis
919 2051 1057 2101 tum
1084 2036 1150 2100 in
1195 2036 1549 2122 sequiorem
1587 2057 1840 2100 sensum
1884 2034 2167 2111 detortis,
2215 2047 2352 2097 tum
2394 2033 2584 2096 etiam

417 2170 684 2257 turpiter
699 2186 765 2236 et
781 2193 925 2236 cum
944 2172 1281 2257 opprobrio
1300 2169 1631 2246 damnatis,
1658 2171 1916 2257 ipsoque
1937 2185 2237 2256 tanquam
2252 2168 2584 2234 atheorum

414 2308 826 2394 antesignano
852 2307 1105 2394 publice
1131 2306 1464 2393 descripto,
1496 2328 1611 2391 per
1639 2305 1850 2370 literas
1877 2304 1963 2369 ad
1987 2306 2219 2370 amicos
2246 2305 2328 2369 de
2356 2304 2587 2390 injuria

414 2444 689 2530 graviter
729 2459 1107 2531 conquestus
1134 2459 1247 2521 est,
1285 2444 1397 2509 sed
1442 2445 1773 2521 incassum,
1818 2465 1963 2507 cum
2007 2442 2073 2506 id
2118 2442 2412 2528 temporis
2451 2441 2586 2505 vin·

415 2581 612 2647 dicias
638 2605 783 2647 suas
809 2582 1065 2669 publico
1095 2582 1247 2648 dare
1276 2582 1392 2669 ipsi
1420 2581 1692 2647 liberum
1723 2603 1849 2645 non
1882 2595 2061 2645 esset.

503 2719 698 2782 Anno
734 2721 898 2785 1670
931 2717 1247 2782 Antonius
1275 2739 1316 2781 a
1348 2717 1567 2794 Wood‚
1609 2716 1856 2802 collegii
1900 2716 2320 2782 Mertonensis
2361 2715 2582 2791 socius,

419 2853 516 2916 vir
540 2852 952 2929 doctissimus,
990 2851 1336 2917 Historiam
1380 2867 1446 2917 et
1476 2853 1906 2939 Antiquitates
1931 2852 2310 2919 Oxoniensis
2341 2851 2586 2916 Acade-

418 2988 585 3065 miae,
631 2988 698 3050 in
742 2986 992 3074 quibus,
1030 3009 1144 3072 per
1186 2986 1560 3050 decennium
1607 3000 1672 3051 et
1712 2986 1999 3073 amplius,
2046 2984 2416 3050 admiranda
2442 3007 2587 3050 cum

426 3122 740 3188 industria
783 3122 1193 3199 laboraverat,
1248 3120 1502 3186 tandem
1545 3122 1830 3188 absolvit.
1920 3123 2100 3209 Opus
2130 3120 2286 3185 illud
2318 3119 2587 3207 Anglice

419 3259 850 3346 conscriptum
870 3259 1118 3323 duobus
1130 3257 1554 3324 voluminibus
1571 3258 1974 3345 complexum
1993 3273 2107 3335 est,
2123 3279 2391 3345 quorum
2412 3257 2589 3343 prius

422 3415 523 3458 res
548 3394 615 3457 in
643 3392 963 3459 academia
988 3408 1212 3481 gestas,
1236 3394 1319 3458 ab
1358 3395 1493 3481 ipso
1532 3409 1676 3460 ortu
1706 3395 1789 3460 ad
1815 3409 2028 3461 nostra
2056 3417 2253 3481 usque
2282 3409 2583 3479 tempora,

422 3544 745 3607 recenset3
789 3528 857 3592 in
900 3528 1100 3594 altero
1142 3529 1546 3617 collegiorum
1587 3530 1950 3596 fundatores
1984 3529 2492 3616 Maecenatesque
2522 3543 2587 3593 et

421 3664 759 3730 illustrium
786 3666 1065 3732 virorum
1094 3667 1298 3755 elogia
1315 3668 1738 3733 continentur.
1829 3666 2077 3731 Placuit
2095 3681 2303 3731 autem
2328 3665 2586 3730 summis

421 3801 488 3865 in
535 3801 856 3866 academia
895 3803 1043 3867 viris
1087 3817 1157 3867 ut
1195 3817 1553 3868 exterorum
1607 3802 1675 3866 in
1701 3801 1972 3889 gratiam
2003 3800 2189 3867 Latio
2219 3801 2580 3880 donaretur,

421 3936 714 4002 studiosis
762 3937 1081 4003 nonnullis
1130 3938 1213 4002 ad
1263 3938 1424 4003 hanc
1461 3961 1720 4026 operam
1769 3938 2043 4016 delectis,
2092 3938 2200 4026 qui
2254 3958 2463 4002 tamen
2518 3936 2583 4000 in

421 4075 709 4160 cogitatis
754 4075 882 4139 suis
930 4074 1247 4139 vertendis
1293 4075 1542 4140 authori
1595 4098 1722 4140 non
1776 4074 2059 4140 fecerunt
2108 4075 2272 4139 satis·
2371 4071 2586 4137 Multo

421 4224 634 4273 autem
660 4209 868 4273 minus
896 4209 1019 4274 alia
1048 4209 1112 4272 in
1144 4231 1212 4273 re
1242 4210 1357 4295 ipsi
1386 4209 1768 4275 satisfactum
1794 4225 1887 4275 est
1903 4235 1921 4288 ;
1964 4211 2144 4296 cujus
2167 4209 2422 4274 historia
2441 4208 2589 4272 licet

421 4344 725 4432 prolixior
781 4342 988 4429 paulo,
1042 4343 1318 4410 veritatis
1370 4359 1580 4409 tamen
1630 4346 1943 4411 historicae
2002 4345 2276 4423 curiosis,
2328 4344 2586 4409 fortasse

422 4504 553 4545 non
586 4479 946 4566 injucunda.
