3182 5102
1008 474 1114 524 DE
1154 471 1791 523 PROPOSITIONE.
2344 455 2440 519 33

456 647 532 711 9.
589 639 906 727 Quarto,
982 638 1464 734 distinguitur
1514 636 1926 734 propositio
1981 636 2060 706 in
2115 633 2439 733 primam
2540 666 2716 716 PARS
2742 667 2784 716 1,

358 765 432 826 et
483 778 626 824 non
668 752 1014 850 primam.
1121 752 1366 825 Prima
1401 762 1515 824 est
1557 754 1766 847 cujus
1803 749 2291 823 Praedicatum
2327 759 2440 821 est
2539 734 2787 837 ,ἐζ-κ

356 890 652 955 nomen,
685 865 886 963 quod
912 890 1046 962 per
1070 865 1287 962 plura
1311 864 1616 938 nomina
1650 865 2064 960 subjectum
2093 862 2435 958 explicat,
2464 869 2734 947 onpouitio

356 993 442 1053 ut
495 980 706 1053 homo
761 989 878 1050 est
937 1004 1214 1074 corpu-s·
1281 979 1684 1051 animatum
1738 976 2117 1049 rationale
2142 1005 2171 1060 ;
2239 976 2437 1048 idem
2462 945 2763 1077 Essffiffika,

358 1094 550 1166 enim
584 1093 783 1190 quod
820 1092 1472 1189 comprehenditur
1506 1093 1582 1165 in
1613 1093 1910 1165 nomine
1940 1091 2174 1181 homo,
2204 1090 2436 1163 fusius
2462 1064 2711 1188 Ξξῗέζζῗ

360 1208 631 1281 dicitur
691 1207 1113 1280 nominibus
1166 1206 1583 1303 conjunctis
1645 1231 1946 1304 eorpuS,
2008 1205 2435 1294 animatum,
2462 1195 2652 1244 905‘50·

358 1319 739 1393 rationale
762 1349 790 1403 ,·
846 1320 1118 1394 dicitur
1151 1333 1402 1394 autem
1438 1318 1702 1417 prima
1741 1319 1916 1415 quia
1946 1319 2185 1415 prima
2219 1319 2437 1391 estin

358 1435 974 1519 ratiocinatione3
1029 1458 1202 1507 nam
1236 1434 1380 1507 nisi
1421 1434 1721 1506 nomine
1770 1433 1879 1506 rei
1915 1433 2007 1505 de
2059 1457 2206 1529 qua
2241 1456 2440 1529 quae-

357 1548 547 1620 ritur
578 1547 784 1644 prius
818 1546 1224 1636 intellecto,
1276 1546 1463 1619 nihil
1499 1547 1801 1643 probari
1850 1559 2122 1643 potest.
2250 1546 2440 1618 Sunt

351 1660 624 1757 primce
659 1672 910 1733 autem
956 1659 1139 1733 nihil
1188 1660 1390 1733 aliud
1441 1672 1716 1756 praeter
1771 1660 2264 1748 definitioneS,
2321 1659 2440 1731 vel

358 1774 812 1847 definitionis
836 1785 1112 1869 parteS,
1136 1785 1212 1846 et
1238 1773 1354 1847 hae
1384 1773 1560 1846 solae
1586 1773 1952 1870 principia
1980 1773 2439 1846 demonstra-

356 1888 583 1960 tionis
618 1900 816 1976 sunt,
852 1886 1203 1959 nimirum
1233 1887 1588 1960 veritates
1630 1887 1938 1960 arbitrio
1977 1886 2439 1983 loquentium

356 2001 963 2097 audientiumque
1023 2000 1266 2090 factae,
1316 2013 1392 2073 et
1450 2013 1847 2097 propterea
1899 2000 2440 2074 indemonstra-

355 2115 593 2198 biles;
649 2127 824 2187 sunt
861 2115 989 2210 (1111
1023 2114 1138 2187 his
1188 2114 1474 2187 addunt
1525 2114 1707 2187 alias
1758 2114 2113 2211 quasdam
2167 2138 2440 2210 propo-

358 2228 664 2301 sitiones
692 2251 873 2324 quas
901 2226 1278 2322 appellant
1293 2227 1597 2324 prima-s·
1626 2237 1702 2299 et
1719 2227 2148 2326 principia,
2175 2251 2439 2323 nempe

357 2341 744 2414 axiomata
781 2340 934 2413 sive
969 2365 1372 2412 communes
1407 2341 1745 2413 notiones
1767 2369 1796 2425 ‚·
1851 2365 2015 2437 quae
2052 2341 2226 2437 quia
2272 2341 2439 2431 (etsi

356 2454 796 2553 probatione
831 2477 981 2526 non
1019 2464 1244 2549 egent
1283 2465 1590 2550 propter
1624 2453 2101 2548 evidentiam)
2140 2455 2439 2550 probari

358 2584 693 2665 possunt,
728 2592 880 2642 non
916 2581 1092 2640 sunt
1124 2592 1297 2640 vere
1324 2568 1724 2666 principia
1755 2597 1782 2652 ;
1838 2568 2152 2665 ideoque
2197 2568 2440 2642 minus

360 2682 784 2779 recipienda
832 2705 969 2777 pro
1012 2681 1419 2778 principiiS‚
1470 2682 1674 2778 quod
1706 2682 1842 2754 sub
1878 2683 2176 2754 nomine
2218 2683 2440 2780 prin-

360 2796 730 2893 cipiorum
767 2794 1000 2867 multa
1027 2795 1283 2890 ignota
1317 2817 1394 2867 et
1430 2794 1873 2891 quandoque
1898 2794 2086 2867 falsa
2121 2795 2439 2869 clamore

359 2908 741 2981 hominum
772 2908 898 3005 qui
924 2907 1195 2993 omnia,
1225 2932 1390 3003 quae
1420 2907 1557 3003 ipsi
1585 2932 1763 2981 vera
1790 2931 1948 2981 esse
1982 2919 2272 3004 putant,
2302 2933 2438 3005 pro

362 3022 578 3095 claris
622 3020 1057 3094 obtrudunt.
1164 3021 1423 3093 Solent
1459 3045 1754 3117 quoque
1804 3022 2203 3117 petitiones
2239 3046 2439 3118 quae-

362 3135 531 3208 dam
590 3135 668 3208 in
731 3157 1124 3207 numerum
1180 3133 1409 3231 recipi
1452 3134 2037 3233 principiorum,
2091 3148 2179 3207 ut
2232 3137 2438 3208 verbi

359 3249 625 3345 gratia,
700 3271 937 3346 posse
1024 3247 1224 3319 inter
1304 3246 1451 3319 duo
1523 3257 1819 3344 puncta
1904 3248 2083 3320 duci
2167 3247 2439 3320 lineam

362 3373 670 3452 rectam,
724 3374 1162 3457 caeteraeque
1213 3360 1614 3457 petitiones
1669 3375 2239 3457 geometrarum.
2342 3364 2441 3436 Et

359 3475 726 3572 principia
750 3474 1047 3570 quidem
1075 3474 1202 3546 illa
1228 3486 1402 3546 sunt
1429 3473 1633 3562 artiS,
1658 3474 1810 3546 sive
1839 3475 2437 3564 constructionis,

363 3614 514 3663 non
549 3600 798 3662 autem
836 3588 1164 3662 scientiae
1201 3599 1277 3661 et
1310 3586 1987 3662 demonstrationis,

473 3711 584 3777 10.
640 3702 947 3792 Quinto,
1003 3700 1484 3797 distinguitur
1544 3701 1987 3798 Propo-sitio
2048 3701 2124 3774 in
2186 3726 2438 3774 nece-s·-
2465 3714 2734 3792 Propositio

368 3817 652 3888 sariam
694 3815 803 3906 (id
836 3826 950 3887 est
979 3814 1394 3887 necessario
1428 3813 1711 3906 veram)
1748 3826 1823 3887 et
1856 3840 2104 3887 veram
2140 3816 2434 3913 quidem
2463 3794 2836 3908 ἓῗῖἶῗῖῑῗιζεηε.

364 3929 504 4001 sed
551 3954 694 4000 non
751 3927 1203 4013 necessario,
1260 3950 1479 4022 quam
1528 3938 1802 4000 vocant
1864 3927 2435 4025 contingentem.

363 4039 830 4112 Necessaria
880 4052 1018 4129 est,
1075 4039 1369 4135 quando
1419 4039 1625 4112 nulla
1675 4063 1792 4112 res
1848 4041 2136 4137 concipi
2188 4054 2438 4137 potest

363 4152 514 4226 sive
548 4153 730 4248 fingi
765 4152 916 4225 ullo
955 4164 1310 4248 tempore,
1340 4154 1548 4249 cujus
1575 4178 1846 4227 nomen
1877 4154 1980 4226 sit
2006 4154 2434 4250 subjeetum,

363 4265 541 4362 quin
575 4266 904 4362 ejusdem
955 4290 1227 4339 nomen
1283 4266 1380 4339 sit
1434 4267 1656 4340 etiam
1697 4268 2224 4365 praedicatum.
2330 4269 2437 4340 Ut

361 4377 568 4451 homo
619 4388 736 4450 est
785 4377 1071 4452 animal
1122 4380 1538 4453 necessaria
1595 4382 2005 4478 propositio
2062 4395 2199 4471 est,
2266 4381 2440 4477 quia

465 4513 649 4565 VOL.
689 4515 743 4565 1.
2182 4521 2233 4574 D
