3182 5102
788 485 893 536 DE
937 482 1365 538 nmvtmso
1407 487 1508 538 ET
1546 486 2038 538 SYDERIBUs.
2315 474 2448 537 341

383 675 464 724 re
502 652 825 728 efficeret
875 656 1140 729 atomis
1197 658 1353 753 ejus
1402 656 1853 729 intermistus
1895 678 2044 744 aer,
2096 663 2455 751 quantum
2537 664 2622 714 ΡΔ
2632 664 2724 779 13⁶2·
2741 665 2827 715 IV·

383 765 670 838 efficere
705 768 1079 842 existimat
1113 769 1234 842 ille
1270 770 1761 842 intermistum
1793 791 2129 841 vacuum.
2553 800 2801 835 »Ὗ-κ

482 879 1023 976 Argumentum
1047 883 1346 955 tertium
1366 883 1458 956 ab
1481 906 1570 955 eo
1593 881 1911 970 ducitur,
1934 881 2129 977 quod
2154 881 2455 970 fulmen,
2491 868 2787 931 “mmm“

2487 936 2693 983 Lucretii
2750 951 2802 984 ro

386 1014 634 1082 SOUUS,
672 994 897 1084 calor,
933 994 1189 1092 frigUS,
1228 1019 1561 1092 corpora,
1601 994 1927 1090 exceptis
1956 993 2130 1089 ipsis
2164 994 2457 1084 atomiS,
2483 1014 2636 1076 yacuo
2659 951 2765 1049 0⁸50

387 1104 610 1177 etiam
666 1106 1103 1181 solidissima
1154 1121 1543 1204 penetrare
1601 1107 1761 1181 visa
1813 1108 1981 1180 sint.
2088 1107 2236 1180 Sed
2296 1107 2459 1182 haec
2484 1064 2711 1113 mum*

385 1218 599 1307 ratio,
636 1219 778 1292 nisi
834 1221 997 1316 quis
1047 1221 1250 1316 prius
1311 1220 1834 1294 demonstrarit
1883 1244 1971 1293 ea
2029 1220 2277 1293 omnia
2309 1245 2460 1294 non

384 1331 545 1403 fieri
577 1355 814 1427 posse,
878 1332 1173 1406 excluso
1231 1358 1490 1419 vacuo,
1551 1358 1688 1430 per
1741 1344 1982 1406 motus
2031 1346 2460 1429 perpetuam

384 1445 961 1539 generationem,
1021 1445 1345 1519 invalida
1411 1458 1547 1520 est.
1687 1447 1905 1520 Posse
1972 1457 2241 1536 autem,
2312 1447 2460 1519 suis

386 1556 567 1630 locis
603 1558 1245 1633 demonstrabitur.

486 1670 885 1761 Postremo,
933 1682 1447 1768 argumentum
1483 1683 1829 1765 quartum
1870 1671 1962 1744 ab
2018 1671 2278 1744 eodem
2314 1672 2456 1744 Lu-

389 1783 621 1856 cretio
654 1785 1092 1880 proponitur
1125 1784 1242 1857 his
1275 1783 1684 1857 versiculis:

620 2007 700 2018 —
727 1978 762 2006 ‘⁴
781 1973 918 2031 Duo
946 1974 1018 2032 de
1045 1994 1328 2033 concursu
1356 1993 1601 2051 corpora
1625 1976 1756 2043 lata,

546 2063 608 2121 Si
634 2066 749 2122 cita
777 2065 1071 2135 dissiliant,
1099 2085 1305 2142 nempe
1332 2084 1432 2123 aer
1457 2084 1627 2124 omne
1654 2085 1884 2124 necesse
1911 2074 2012 2135 est,

549 2155 706 2213 Inter
731 2175 973 2233 corpora
998 2158 1155 2235 quod
1182 2158 1298 2227 fiat,
1325 2157 1578 2234 possidat
1606 2159 1789 2215 inane.

544 2246 602 2304 Is
628 2266 801 2323 porro
827 2251 1087 2325 quamvis
1117 2251 1333 2309 circum
1362 2251 1743 2309 celerantibus
1770 2251 1923 2308 auris

545 2338 830 2409 Confluat,
859 2340 1011 2398 haud
1041 2343 1254 2417 poterit
1278 2355 1467 2400 tamen
1499 2360 1616 2399 uno
1642 2349 1900 2419 tempore
1926 2350 2111 2400 totum

546 2428 839 2508 Compleri
865 2435 1146 2509 spatium;
1185 2452 1319 2491 nam
1345 2436 1595 2511 primum
1623 2453 1911 2512 quemque
1937 2454 2168 2493 necesse
2195 2442 2282 2492 est

546 2522 811 2601 Occupet
837 2525 930 2584 ille
959 2526 1169 2596 locum,
1197 2525 1406 2584 deinde
1433 2528 1627 2585 omnia
1651 2525 2094 2603 possideantur.”

2144 2618 2192 2676 1.
2219 2624 2460 2682 385·91.

490 2800 712 2874 Quod
767 2813 1015 2874 tamen
1075 2826 1243 2875 cum
1294 2802 1662 2875 sententia
1714 2803 1940 2898 ipsius
1999 2803 2296 2900 Epicuri
2330 2803 2457 2877 ali-

392 2925 664 3009 quanto
698 2915 863 3011 plus
897 2924 1203 3013 pugnat,
1252 2939 1472 3011 quam
1508 2928 1762 2988 eorum
1796 2916 1923 3011 qui
1955 2939 2268 2988 vacuum
2303 2940 2462 2990 esse

390 3039 691 3123 negant.
798 3028 991 3100 Nam
1027 3052 1446 3124 quanquam
1484 3052 1740 3101 verum
1794 3029 1912 3117 sit,
1967 3028 2169 3124 quod
2217 3028 2279 3101 si
2315 3029 2462 3102 duo

391 3163 704 3235 corpora
738 3152 986 3212 essent
1019 3140 1304 3213 infinite
1358 3139 1563 3230 dura,
1626 3150 1701 3213 et
1754 3140 2155 3214 secundum
2210 3164 2461 3238 super-

387 3253 589 3325 ficies
625 3253 1084 3326 exactissime
1136 3253 1394 3349 planas
1453 3264 2090 3350 componerentur,
2124 3253 2461 3350 impossi-

386 3364 537 3437 bile
571 3377 758 3438 esset
790 3378 875 3439 ut
910 3365 1456 3455 divellerentur,
1494 3389 1663 3438 cum
1693 3366 1854 3438 fieri
1903 3365 1982 3438 id
2014 3390 2164 3439 non
2214 3379 2462 3462 posset

388 3479 545 3551 sine
572 3491 779 3551 motu
811 3479 1327 3563 instantaneo;
1383 3479 1444 3551 si
1496 3490 1768 3569 tamen,
1818 3491 1904 3552 ut
1962 3480 2038 3551 in
2093 3480 2461 3575 magnitu-

393 3592 685 3665 dinibus
720 3617 872 3665 non
907 3592 1127 3666 datur
1159 3592 1477 3665 maxima
1508 3615 1647 3664 nec
1682 3593 1760 3665 in
1805 3592 2124 3665 motibus
2157 3592 2462 3666 velocis-

391 3705 640 3795 simus,
677 3707 784 3779 sic
818 3731 1056 3803 neque
1091 3708 1169 3780 in
1204 3707 1404 3779 duris
1440 3705 1947 3789 durissimum3
1998 3706 2273 3801 poterit
2304 3706 2463 3778 fieri

387 3819 462 3891 vi
496 3819 741 3915 aliqua
765 3844 1056 3915 magna,
1078 3830 1162 3892 ut
1180 3819 1547 3915 ingressus
1572 3819 1726 3892 aeri
1748 3818 1964 3891 detur
1990 3819 2461 3908 successiWS,

387 3955 648 4027 nempe
682 3944 767 4005 ut
826 3943 1070 4028 partes
1125 3956 1517 4029 corporum
1580 3933 2139 4027 conjunctorum
2174 3933 2464 4006 extimae

391 4045 594 4140 prius
629 4045 1069 4119 dirimantur
1115 4070 1333 4142 quam
1366 4046 1774 4119 interiores.
1878 4046 2253 4119 Debuerat
2287 4069 2464 4143 ergo

389 4156 593 4252 prius
648 4159 1035 4232 ostendere
1070 4159 1317 4256 aliqua
1368 4182 1524 4232 esse
1576 4159 1984 4247 durissima,
2040 4183 2189 4233 non
2241 4160 2463 4234 modo

389 4269 691 4343 relative
725 4271 823 4345 ad
854 4273 1214 4362 molliora,
1277 4273 1408 4346 sed
1459 4274 1816 4361 absolute,
1880 4272 1958 4344 id
2017 4283 2130 4345 est
2179 4272 2463 4346 infinite

390 4381 621 4469 dura;
678 4385 874 4480 quod
906 4410 1061 4461 non
1111 4398 1222 4461 est
1273 4411 1549 4461 verum.
1657 4385 1805 4459 Sed
1863 4386 1923 4458 si
1969 4410 2463 4483 supponamus
