3182 5102
1451 514 1539 556 An
1586 512 1966 557 LECTOREM.

599 703 745 767 quae
787 693 882 745 est
926 678 1329 764 Philosophia
1372 678 1608 755 Prima,
1652 700 1864 742 rerum
1907 676 2558 742 communissimarum
2607 677 2776 742 ideas

595 816 679 881 ad
729 816 1147 881 sublationem
1199 814 1482 901 ambigui
1527 828 1594 878 et
1643 813 1913 889 obscuri,
1963 812 2439 877 definitionibus
2467 812 2774 878 accuratis

594 953 760 1017 inter
788 975 855 1018 se
883 953 1223 1039 distinguo.
1314 951 1538 1015 Tertia
1585 972 1731 1037 pars
1773 963 2057 1014 versatur
2107 950 2174 1012 in
2221 950 2607 1036 expansione
2634 972 2776 1036 spa-

594 1090 846 1167 tiorum,
879 1090 946 1154 id
974 1104 1087 1167 est,
1119 1089 1186 1153 in
1219 1088 1604 1153 Geometria.
1675 1087 1923 1162 Quarta
1950 1087 2142 1151 habet
2171 1100 2414 1151 motum
2436 1100 2770 1164 astrorum,

592 1241 658 1291 et
686 1241 993 1313 praeterea
1022 1224 1390 1314 qualitatem
1419 1224 1800 1291 sensibilem.
1895 1222 1975 1288 ln
2006 1223 2280 1288 sectione
2315 1224 2591 1288 secunda
2621 1247 2771 1289 con-

592 1363 991 1440 siderabitur,
1024 1360 1273 1427 volente
1300 1361 1441 1439 deo,
1465 1360 1715 1425 Natura
1750 1359 2062 1424 Hominis.
2112 1358 2190 1423 In
2221 1360 2408 1424 tertia
2438 1359 2611 1424 Civis
2633 1362 2769 1446 jam
2819 1422 2822 1425 .

589 1514 739 1564 ante
767 1497 1192 1564 consideratus
1221 1510 1333 1561 est.
1426 1495 1616 1560 Hanc
1667 1518 1787 1583 ego
1843 1494 2210 1560 methodum
2253 1509 2555 1582 sequutus
2606 1519 2766 1573 sum,

590 1659 719 1724 qua
760 1651 825 1701 et
864 1650 955 1714 tu,
997 1636 1048 1700 si
1089 1634 1388 1711 arriserit,
1436 1634 1530 1698 uti
1567 1634 1802 1720 poteris
1819 1659 1837 1711 3
1882 1656 2010 1698 non
2051 1633 2221 1698 enim
2250 1634 2622 1699 commendo
2652 1635 2767 1699 tibi

588 1794 749 1848 mea,
800 1771 911 1835 sed
939 1791 1241 1857 propono.
1333 1769 1736 1857 Quacunque
1777 1785 1990 1835 autem
2042 1770 2339 1834 methodo
2386 1792 2612 1835 usurus
2662 1772 2764 1848 sis,

587 1908 1044 1994 philosophiam
1071 1925 1301 1984 tamen,
1335 1906 1407 1969 id‘
1430 1920 1544 1983 est,
1594 1906 1874 1971 studium
1925 1905 2267 1992 sapientiae,
2317 1906 2401 1972 ob
2448 1908 2627 1993 cujus
2656 1908 2767 1973 de-

587 2044 819 2110 fectum
849 2043 1049 2108 multa
1077 2064 1281 2129 nuper
1310 2040 1477 2106 mala
1517 2041 1682 2127 passi
1728 2063 1946 2105 omnes
1986 2062 2223 2120 sumus,
2254 2042 2764 2106 commendatum

587 2181 703 2246 tibi
732 2180 914 2244 valde
942 2178 1149 2243 velim.
1241 2178 1409 2243 Nam
1439 2178 1530 2242 illi
1560 2179 1751 2243 etiam
1781 2178 1888 2266 qui
1922 2178 2154 2243 divitiis
2183 2178 2459 2256 student,
2515 2179 2764 2266 sapien-

587 2317 740 2381 tiam
768 2328 1020 2392 amant3
1064 2314 1339 2379 thesauri
1369 2315 1540 2379 enim
1568 2316 1666 2379 sui
1697 2337 1826 2379 non
1856 2315 2064 2385 aliter⁴
2086 2314 2236 2401 ipsis
2266 2315 2537 2402 placent,
2571 2338 2762 2403 quam

587 2466 659 2515 ut
686 2449 1008 2537 speculum
1040 2451 1104 2514 in
1136 2474 1262 2538 quo
1307 2451 1539 2515 intueri
1585 2465 1651 2515 et
1679 2450 2093 2537 contemplari
2122 2451 2364 2537 possint
2383 2452 2760 2538 sapientiam

585 2609 784 2657 suam.
872 2589 1009 2655 Nec
1056 2589 1166 2676 qui
1213 2590 1296 2653 ad
1346 2589 1602 2677 negotia
1647 2589 1904 2675 publica
1954 2590 2246 2655 adhiberi
2296 2605 2533 2668 amant,
2587 2590 2762 2655 alind

584 2748 777 2814 quam
815 2726 1022 2792 locum
1063 2741 1380 2815 quaerunt,
1413 2727 1479 2791 in
1510 2750 1639 2815 quo
1668 2728 2040 2814 sapientiam
2069 2750 2261 2815 quam
2291 2727 2532 2792 habent
2561 2727 2761 2814 expli-·

583 2885 727 2927 care
755 2863 1012 2949 possint.
1104 2861 1207 2927 Ne
1255 2861 1614 2948 voluptuosi
1661 2863 1920 2950 quidem
1971 2863 2430 2950 philosophiam
2459 2864 2543 2928 ob
2571 2862 2757 2928 aliam

581 3015 832 3063 causam
888 2997 1241 3086 negligunt,
1297 2999 1416 3062 nisi
1474 2999 1649 3086 quod
1706 2999 1994 3064 nesciunt
2052 3013 2353 3086 quantam
2413 3005 2758 3086 perpetuus

582 3133 1162 3220 valentissimusque
1208 3133 1616 3219 pulcherrimi
1661 3134 1884 3198 mundi
1931 3157 2074 3200 cum
2121 3136 2332 3200 anima
2389 3158 2757 3222 congressus

580 3270 965 3356 voluptatem
996 3269 1076 3334 sit
1103 3268 1423 3333 allaturus.
1496 3269 1843 3348 Postremo,
1874 3272 1989 3336 etsi
2018 3272 2102 3336 ob
2131 3271 2286 3335 nihil
2318 3271 2511 3349 aliud,
2546 3287 2753 3335 tamen

587 3405 913 3493 (quoniam
942 3405 1189 3469 animus
1217 3404 1531 3469 humanus
1559 3427 1690 3470 non
1719 3406 1929 3472 minus
1958 3409 2257 3495 temporis
2307 3409 2506 3487 vacui,
2562 3431 2752 3496 quam

581 3557 809 3606 natura
829 3541 1009 3605 vacui
1051 3540 1171 3605 loci
1215 3540 1548 3626 impatiens
1577 3542 1701 3623 est)
1729 3555 1818 3606 'ne
1861 3542 2223 3608 hominibus
2267 3545 2585 3631 occupatis
2640 3546 2754 3608 im-

580 3691 909 3764 portunus,
941 3677 1037 3741 vel
1069 3676 1232 3742 male
1260 3677 1494 3742 feriatis
1537 3699 1686 3743 cum
1725 3678 1958 3743 damno
2000 3694 2110 3745 tuo
2162 3681 2459 3746 accedere
2488 3704 2528 3746 a
2558 3682 2753 3746 nimio

579 3813 710 3877 otio
736 3826 984 3879 coactus
1012 3813 1113 3892 sis,
1141 3836 1268 3902 qua
1296 3815 1496 3879 otium
1528 3829 1712 3879 tuum
1732 3816 2017 3902 jucunde
2046 3816 2309 3903 implere
2337 3818 2554 3903 possis,
2579 3833 2776 3883 com--⁴

578 3950 809 4016 mendo
838 3951 953 4015 tibi
983 3951 1457 4042 philosophiam.
1549 3951 1727 4018 Vale.

2147 4138 2328 4203 Tuo.
2365 4139 2661 4204 Honnss.
