3182 5102
379 637 555 690 PAR-s
574 641 682 694 111.

402 708 649 812 *wo-*³

343 1325 613 1390 Propositio
637 1330 686 1379 6.

738 456 887 522 250
1241 470 1348 521 nn
1390 469 1905 523 annotemus
1946 470 2338 523 uoq-mm.

736 636 881 709 erit
932 646 1018 708 ut
1068 634 1217 709 ΤΒ
1270 634 1370 710 ad
1417 635 1719 732 duplam
1768 635 1939 710 ΜΒ
1982 637 2136 711 sive
2184 636 2495 725 radium,
2530 636 2638 709 ita
2665 635 2817 711 TQ

735 748 985 823 radius
1019 748 1115 822 ad
1149 748 1449 846 duplam
1493 750 1672 836 RQ,
1723 748 1803 823 id
1849 762 1986 838 est,
2022 749 2118 823 ad
2171 748 2345 823 BR.
2447 749 2584 822 Est
2631 772 2812 846 ergo

737 861 987 935 radius
1012 863 1075 935 T
1088 863 1161 938 Q
1193 862 1437 935 media
1466 862 2042 959 proportionalis
2075 863 2274 936 inter
2298 886 2554 935 arcum
2582 862 2813 958 quad-

736 974 970 1047 rantis
1006 986 1083 1048 et
1135 976 1199 1047 B
1220 976 1309 1061 R,
1362 987 1440 1049 et
1472 975 1785 1071 proinde
1838 975 1901 1048 B
1927 976 2017 1066 R,
2067 975 2134 1048 D
2159 976 2233 1047 H
2264 988 2438 1049 sunt
2471 976 2813 1072 aequales,

737 1099 815 1162 et
866 1090 933 1162 D
959 1089 1033 1160 H
1071 1089 1373 1186 aequalis
1409 1088 1695 1163 duabus
1733 1089 2012 1186 quintis
2045 1113 2262 1162 arcus
2307 1089 2369 1161 Β
2390 1088 2482 1162 D.
2589 1088 2813 1164 Quod

736 1212 898 1275 erat
937 1200 1619 1276 demonstrandum.

839 1314 1340 1389 Pnorosrno
1376 1315 2099 1390 VL--Manifestum
2136 1327 2250 1389 est
2284 1339 2376 1389 ex
2419 1314 2643 1389 modo
2680 1313 2811 1389 de-

733 1429 1186 1516 monstratis,
1231 1453 1379 1526 quo
1429 1441 1652 1526 pacto
1688 1429 1883 1503 datoe
1934 1441 2161 1503 rectae
2203 1452 2419 1502 arcus
2476 1428 2808 1524 aequaIiS,

732 1555 810 1615 et
844 1542 1020 1616 dato
1048 1543 1255 1616 arcui
1286 1554 1493 1616 recta
1525 1542 1830 1640 aequalis
1862 1543 2177 1616 inveniri
2209 1552 2461 1638 potest
2490 1573 2509 1625 ;
2565 1554 2643 1614 et
2675 1565 2814 1638 per

732 1679 1215 1753 consequens,
1252 1656 1624 1753 quomodo
1671 1680 1887 1729 arcus
1922 1656 2138 1730 datus
2187 1656 2265 1729 in
2308 1655 2598 1728 ratione
2632 1655 2814 1728 data

729 1780 977 1864 potest
1027 1769 1277 1842 dividi.
1382 1769 1577 1843 Nam
1611 1794 1657 1842 a
1704 1781 1985 1865 puncto
2020 1769 2107 1857 B,
2145 1781 2439 1865 sumpta
2473 1779 2680 1841 recta
2727 1769 2811 1842 in

731 1880 794 1953 B
816 1881 877 1953 C
918 1906 1069 1954 non
1113 1884 1390 1979 majore
1434 1906 1658 1979 quam
1701 1882 2006 1955 dimidia
2049 1882 2111 1954 Β
2138 1883 2216 1972 F,
2274 1882 2337 1955 si
2383 1906 2430 1955 a
2484 1881 2809 1956 termino

727 1996 885 2092 ejus
919 1994 1235 2069 ducatur
1267 1995 1461 2069 linea
1494 2008 1701 2069 recta
1726 1995 1825 2070 ad
1847 1996 1946 2084 X,
1975 1996 2103 2070 illa
2135 1994 2521 2069 abscindet
2571 2020 2619 2068 a
2662 1996 2724 2069 B
2745 1996 2812 2075 L

724 2119 1014 2203 partem
1065 2108 1224 2203 ejus
1277 2120 1501 2181 reetae
1537 2132 1704 2205 quae
1754 2109 2071 2182 sumitur
2104 2109 2183 2182 in
2236 2108 2299 2183 Β
2322 2108 2382 2180 C
2418 2109 2804 2205 aequalem.

726 2221 917 2294 Item
971 2245 1018 2294 a
1066 2233 1349 2317 puncto
1406 2220 1494 2310 Β,
1552 2221 1620 2294 si
1665 2222 1743 2295 in
1792 2244 1973 2295 arou
2022 2222 2085 2295 B
2109 2223 2169 2295 L
2219 2235 2555 2295 sumatur
2587 2244 2808 2297 arcus

724 2333 1012 2429 aliquia,
1065 2345 1144 2408 et
1176 2359 1310 2429 per
1344 2335 1744 2408 terminum
1777 2337 1935 2432 ejus
1993 2335 2309 2409 dueatur
2357 2347 2564 2407 recta
2598 2336 2692 2408 ab
2727 2336 2803 2408 X

725 2457 803 2519 et
834 2446 1289 2542 producatur
1322 2447 1419 2521 ad
1467 2447 1663 2521 latus
1709 2448 1770 2518 Β
1795 2448 1876 2536 C,
1933 2447 2059 2521 illa
2093 2447 2478 2521 abscindet
2525 2448 2603 2520 in
2656 2447 2718 2519 Β
2742 2448 2805 2521 C

723 2572 1004 2634 rectam
1062 2562 1271 2635 arcui·
1329 2560 1435 2634 illi
1496 2562 1852 2657 aequalem
1882 2593 1901 2645 ;
1979 2562 2060 2635 id
2119 2562 2344 2660 quod,
2400 2561 2804 2635 bisecando

723 2697 978 2747 arcum
1029 2688 1107 2747 et
1148 2675 1390 2747 sinum
1437 2675 1882 2771 bisegmenti
1922 2677 2276 2773 cujusque
2330 2673 2801 2770 duplicandO,

724 2789 981 2861 eadem
1012 2787 1391 2876 methodO,
1421 2812 1566 2883 qua
1602 2801 1766 2862 tota
1798 2789 1860 2861 Β
1884 2789 1941 2860 F
1978 2803 2275 2862 ostensa
2301 2800 2417 2862 est
2462 2812 2621 2861 esse
2654 2789 2802 2862 toti

721 2901 927 2974 arcui
980 2900 1041 2972 Β
1065 2901 1126 2974 C
1177 2901 1503 2998 aequaliS,
1561 2902 1854 2975 ostendi
1904 2916 2174 2999 potest.
2282 2902 2531 2976 Quare
2581 2925 2802 2975 arcus

720 3037 874 3087 non
906 3015 1141 3110 major
1198 3035 1419 3109 quam
1472 3014 1534 3086 Β
1559 3015 1621 3085 L
1663 3014 1891 3087 dividi
1932 3027 2205 3111 potest,
2251 3038 2339 3088 eo
2390 3014 2610 3087 modo
2648 3038 2799 3110 quo

721 3126 1062 3215 diximu8‚
1118 3126 1197 3200 in
1247 3127 1540 3200 ratione
1595 3127 1791 3200 data.
1898 3127 2122 3203 Quod
2174 3128 2234 3200 si
2291 3151 2505 3201 arcus
2563 3129 2801 3223 major

721 3239 820 3312 sit
854 3263 1074 3336 quam
1107 3262 1321 3312 arcus
1356 3247 1451 3312 45
1486 3239 1876 3336 graduum,
1924 3241 2203 3337 poterit
2237 3251 2487 3313 tamen
2539 3240 2797 3313 eadem

719 3353 1070 3427 methodo
1094 3352 1322 3426 dividi
1343 3377 1513 3449 pars
1538 3356 1696 3451 ejus
1718 3354 2102 3449 aliquota,
2084 3379 2160 3427 m
2183 3354 2474 3428 ratione
2498 3354 2695 3443 data,
2717 3352 2798 3427 id

721 3465 921 3561 quod
947 3464 1385 3537 tantundem
1410 3465 1629 3538 valet.
1735 3466 2049 3539 Inventa
2068 3478 2181 3538 est
2205 3490 2381 3563 ergo
2404 3465 2795 3538 methodus

721 3576 1097 3651 dividendi
1117 3599 1372 3650 arcum
1392 3577 1507 3650 vel
1535 3578 1887 3673 angulum
1910 3578 2164 3651 datum
2187 3579 2264 3653 in
2286 3579 2574 3652 ratione
2594 3578 2793 3651 data.

743 3761 1266 3837 MAGNm-Uno
1302 3786 1570 3838 Ancus
1611 3764 1743 3837 BD
1778 3787 2082 3840 Anu-En
2119 3790 2757 3843 DEMONSTRATA.

818 3914 1050 3986 Recta
1082 3914 1485 4009 composita
1514 3939 1560 3987 a
1590 3913 1795 3989 radio
1833 3916 2084 3990 circuli
2111 3929 2187 3992 et
2210 3930 2561 4017 tangente
2581 3945 2793 3996 arcus

716 4031 812 4100 30
878 4024 1269 4121 graduum,
1318 4039 1430 4100 est
1481 4028 1781 4122 aequalis
1836 4041 2117 4125 quartae
2169 4034 2365 4128 parti
2413 4034 2789 4129 perimetri

714 4138 1039 4234 ejusdem
1108 4139 1384 4212 circuli.
1499 4141 1612 4213 Sit
1677 4141 1746 4212 A
1769 4141 1830 4213 Β
1854 4142 1912 4214 C
1935 4144 2002 4216 D
2071 4145 2555 4238 quadratum3
2625 4148 2694 4219 A
2729 4148 2789 4220 C

712 4249 1157 4347 diagonalis;
1210 4275 1423 4325 arcus
1467 4253 1527 4324 Β
1554 4253 1618 4325 L
1636 4254 1703 4328 D
1752 4254 2139 4350 quadrans,
2176 4269 2417 4332 sectus
2449 4259 2787 4332 bifariam

712 4362 786 4436 in
825 4365 905 4437 L.
1012 4364 1176 4438 Sint
1208 4364 1439 4439 latera
1473 4367 1536 4440 B
1557 4368 1640 4456 C,
1676 4369 1745 4440 A
1766 4369 1833 4441 D
1870 4369 2103 4444 divisa
2124 4370 2460 4447 bifariam
2494 4373 2573 4446 in
2611 4374 2676 4447 O
2711 4385 2787 4447 et
