3182 5102
618 496 766 559 XXVl
1192 517 1360 559 vl‘rAE
1397 518 1766 559 HOBBIANAE
1806 516 2224 560 AUCTAmUM.

615 702 758 745 rum
786 681 1032 766 patroni
1063 704 1134 746 ac
1170 681 1559 747 Maecenatis.
1636 682 1850 748 Tanto
1873 682 2089 770 itaque
2108 681 2310 745 dolori
2333 703 2478 745 cum
2508 681 2797 744 solatium

611 817 877 881 inveniri
923 818 1029 881 vix
1078 834 1306 905 posset,
1357 818 1802 884 diverticulum
1852 817 2072 882 saltem
2124 816 2413 904 quaesivit
2463 816 2794 893 Hobbius;

611 976 806 1041 quare
856 954 1074 1020 relicta
1122 956 1326 1041 patria
1378 956 1443 1019 in
1499 956 1778 1022 Galliam
1824 956 2140 1042 profectus
2190 969 2303 1033 est,
2370 955 2795 1020 conditionem

609 1089 851 1154 ferente
900 1090 1284 1155 nobilissimo
1337 1091 1471 1155 viro
1525 1090 1838 1155 Gervasio
1891 1089 2195 1167 Cliftons'*
2256 1089 2545 1176 (antiqua
2589 1104 2684 1153 est
2730 1104 2796 1154 et

611 1248 856 1289 summe
881 1248 1186 1313 generosa
1213 1249 1289 1290 eo
1318 1226 1576 1291 nomine
1607 1226 1673 1290 in
1716 1249 1872 1314 agro
1918 1225 2496 1313 Nottinghamiensi
2526 1225 2788 1309 familia)

613 1375 685 1425 ut
714 1361 863 1439 filio,
894 1385 1159 1450 peregre
1185 1364 1374 1440 ituro,
1407 1362 1652 1427 adesset
1684 1362 1924 1428 itineris
1954 1361 2139 1427 simul
2184 1362 2315 1427 dux
2347 1381 2411 1428 et
2439 1363 2793 1428 studiorum

613 1499 996 1566 informator.
1091 1500 1208 1565 Illo
1234 1515 1516 1587 tempore
1540 1524 1782 1566 annum
1801 1502 1934 1588 jam
1958 1500 2508 1589 quadragesimum
2532 1516 2793 1587 praeter-

610 1650 843 1714 vectus,
878 1636 1130 1702 Euclidi
1158 1660 1415 1724 operam
1445 1637 1599 1702 dare
1627 1638 1840 1724 coepit,
1873 1660 2002 1702 non
2033 1653 2163 1702 tam
2185 1638 2789 1702 demonstrationum

610 1773 873 1837 materia
899 1772 1176 1851 allectus,
1229 1797 1418 1861 quam
1467 1775 1930 1862 perspicuitate,
1975 1773 2372 1851 certitudine,
2420 1787 2486 1838 et
2528 1773 2792 1836 indivisa

612 1909 926 1973 rationum
954 1910 1114 1973 serie
1142 1909 1506 1975 delectatus.
1602 1910 1749 1975 Non
1773 1911 1945 1975 enim
1975 1910 2444 1975 mathematicas
2472 1924 2636 1974 artes
2679 1909 2790 1974 ad-

610 2046 871 2110 miratus
919 2062 1015 2110 est
1059 2046 1153 2109 vir
1204 2048 1790 2133 perspicacissimus,
1843 2049 1927 2112 ob
1978 2048 2246 2112 laterum
2297 2063 2363 2111 et
2412 2046 2791 2133 angulorum

608 2182 986 2259 affectiones,
1033 2197 1143 2248 aut
1173 2180 1608 2262 numerorum,
1649 2184 1979 2262 linearum,
2033 2185 2525 2271 superficierum,
2572 2206 2792 2270 corpo-

609 2341 831 2384 rumve
858 2334 1108 2384 mutuas
1136 2320 1302 2383 inter
1332 2342 1399 2384 se
1427 2321 1863 2406 proportiones
1912 2320 2021 2405 (de
2063 2319 2469 2407 homogeneis
2506 2318 2790 2405 intelligo

610 2455 1092 2542 quantitatibus)
1127 2453 1441 2520 subtiliter
1469 2455 1815 2520 indicatast
1862 2456 2098 2543 quippe
2140 2455 2489 2520 istiusmodi
2517 2455 2730 2519 omnia
2751 2477 2792 2518 a

608 2592 927 2656 communi
958 2593 1087 2657 vita
1129 2593 1466 2657 remotiora
1504 2592 1686 2657 facile
1728 2592 2205 2670 animadvertit3
2249 2591 2396 2656 licet
2437 2591 2520 2656 ad
2562 2591 2788 2677 praxin

608 2728 824 2806 relata,
865 2750 1015 2792 usus
1047 2750 1173 2792 non
1204 2728 1362 2793 adeo
1410 2727 1901 2793 contemnendi:
1948 2728 2056 2793 sed
2103 2728 2276 2816 quod
2317 2727 2611 2792 methodo
2642 2727 2790 2813 ipsis

608 2864 862 2951 propria
891 2863 1243 2928 intellectus
1286 2864 1371 2929 ad
1414 2887 1630 2929 rerum
1675 2865 2099 2952 cognitionem
2142 2866 2378 2952 optime
2430 2865 2784 2940 duceretur,

607 3015 799 3088 atque
850 3000 1127 3065 difficilia
1174 3000 1559 3078 inveniendi,
1591 3022 1741 3065 vera
1778 3001 2114 3078 asserendi,
2170 3001 2324 3067 falsa
2367 2999 2789 3088 redarguendi

607 3140 952 3204 certissima
980 3140 1223 3205 ratione
1252 3140 1663 3206 imbueretur.
1755 3139 1972 3214 Quare
2009 3139 2099 3203 illi
2128 3140 2247 3204 viae
2277 3138 2359 3204 ad
2389 3140 2674 3203 scientias
2718 3139 2785 3201 in

606 3292 924 3361 posterum
942 3275 1396 3362 promovendas
1418 3276 1704 3340 insistere
1722 3275 2026 3352 decrevit3
2057 3290 2360 3362 pertaesus
2378 3274 2785 3360 philosophiae

606 3411 900 3498 vulgaris,
933 3435 1079 3500 quae
1110 3412 1321 3476 infidis
1349 3413 1673 3499 principiis
1704 3413 1866 3478 male
1894 3413 2361 3500 compaginatas
2391 3411 2675 3476 notiones
2698 3410 2787 3474 ita

605 3561 1124 3632 superstruxerat,
1178 3563 1250 3612 ut
1294 3562 1426 3613 tota
1469 3548 1722 3613 aedificii
1772 3547 1967 3613 moles
2010 3547 2261 3612 ruinam
2291 3547 2533 3612 factura
2575 3546 2781 3632 palam

605 3680 961 3760 videretur3
1005 3705 1152 3748 cum
1195 3683 1448 3748 interim
1490 3697 1656 3748 artes
1700 3682 1826 3749 illae
1869 3682 2327 3747 matbematicae
2357 3682 2561 3760 certiS,
2616 3695 2682 3745 et
2715 3680 2780 3744 in

604 3817 994 3903 experientia
1010 3819 1329 3882 communi
1348 3818 1626 3883 fundatis
1643 3818 1965 3904 principiis
1984 3819 2240 3895 innixa-2,
2267 3817 2466 3881 multa
2490 3817 2552 3880 in
2575 3816 2781 3880 lucem

602 3955 860 4018 inventa
886 3953 1312 4039 protulissent,
1344 3954 1623 4019 humano
1653 3956 1871 4042 generi
1902 3954 2099 4032 utilia,
2146 3953 2265 4018 sibi
2308 3953 2453 4040 ipsis
2490 3951 2778 4039 gloriosa.

604 4089 972 4154 Dolendum
1001 4103 1212 4153 tamen
1242 4088 1455 4155 nobile
1483 4090 1601 4155 hoc
1631 4091 1977 4177 ingenium,
2001 4091 2224 4156 eodem
2246 4113 2373 4177 quo
2391 4105 2457 4155 et
2478 4113 2780 4177 magnum

606 4224 997 4312 Scaligerum
1044 4224 1389 4289 infortunio
1434 4225 1767 4303 laborasse,
1823 4225 1997 4313 quod
2039 4226 2493 4291 mathematicis
2536 4226 2777 4303 studiis,

601 4383 745 4447 quae
776 4360 895 4426 nisi
926 4361 992 4425 in
1023 4360 1254 4425 teneris
1281 4360 1506 4426 animis
1535 4361 1694 4426 altas
1722 4360 1961 4426 radices
1979 4361 2086 4424 vix
2114 4376 2333 4447 agunt,
2365 4364 2561 4428 serius
2590 4363 2778 4449 paulo

1067 4535 1089 4557 ⁸
1110 4524 1232 4572 Vide
1253 4524 1497 4573 Thoroton
1521 4525 1850 4588 Antiquitates
1875 4524 2309 4586 Nottinghamicas.
