3182 5102
735 484 842 535 DE
883 484 1216 536 CAETERA
1255 484 1620 535 MOTUUM
1660 482 2150 534 VARIETATE.
2337 463 2484 542 273

395 659 670 738 autem,
704 649 974 745 pressis
1008 648 1342 746 partibus
1375 648 1760 745 utriusque
1796 649 2125 746 corporis
2160 648 2481 721 anterio-
2528 658 2835 773 PAR23111·

396 762 623 850 ribuS,
680 774 1112 858 premantur
1172 763 1393 836 etiam
1461 762 1905 858 posteriores
1973 766 2176 856 (nam
2239 774 2482 835 motus
2555 796 2802 829 »q-a

393 875 720 971 partium
755 876 1248 972 posteriorum
1274 900 1321 948 a
1344 874 1645 971 repulsu
1669 875 1990 971 partium
2026 875 2479 948 anteriorum

396 1013 547 1062 non
600 988 885 1062 sistitur
934 989 1010 1061 in
1062 989 1411 1077 instante,
1458 987 1588 1061 sed
1640 988 2171 1085 aliquantisper
2222 987 2471 1082 durat)

393 1102 510 1175 his
547 1127 842 1199 quoque
867 1103 1096 1190 locuS,
1119 1102 1247 1175 ubi
1276 1100 1553 1175 moveri
1573 1101 1886 1197 possint,
1910 1101 2173 1199 aliquis
2196 1102 2479 1175 dandus

393 1228 507 1288 ast
531 1246 548 1298 ;
587 1215 719 1287 sed
736 1215 941 1288 locus
962 1215 1196 1288 motui
1216 1215 1295 1287 in
1316 1214 1690 1287 anteriora
1710 1238 1861 1287 non
1885 1215 2101 1287 datur
2125 1246 2144 1298 ;
2180 1238 2477 1288 necesse

392 1353 572 1425 ergo
608 1340 720 1401 est
752 1340 838 1401 ut
889 1340 1324 1401 moveantur
1358 1327 1434 1399 in
1469 1326 1654 1415 loca,
1692 1351 1859 1423 quae
1911 1327 2477 1424 circumquaque

393 1455 566 1516 sunt
619 1441 717 1515 ad
761 1442 1017 1515 latera.
1121 1442 1368 1538 Atque
1427 1441 1568 1513 hoc
1626 1440 1993 1537 contingit
2036 1442 2475 1531 necessario,

394 1580 544 1628 non
580 1556 799 1628 modo
834 1556 911 1627 in
945 1555 1216 1643 fluidis,
1255 1553 1386 1627 sed
1418 1554 1644 1627 etiam
1679 1555 1754 1627 in
1792 1554 2362 1627 consistentibus
2398 1568 2474 1628 et

394 1669 638 1743 duris:
676 1669 817 1742 etsi
842 1669 920 1743 id
946 1669 1188 1742 minus
1220 1667 1615 1764 aliquando
1643 1668 1975 1741 sensibus
2011 1667 2477 1742 manifestum

394 1784 514 1857 sit.
622 1784 815 1856 Nam
849 1783 1011 1871 etsi,
1048 1806 1140 1855 ex
1193 1781 1734 1878 compressione
1779 1780 2092 1854 duorum
2124 1780 2473 1877 lapidum,

394 1896 670 1971 nullam
723 1895 897 1969 oriri
950 1895 1048 1968 ad
1095 1895 1329 2001 latera
1380 1895 2051 1968 extumescentiam
2097 1895 2327 1967 oculis
2368 1894 2477 1986 (id

393 2009 593 2106 quod
644 2011 732 2082 fit
784 2009 860 2081 in
916 2008 1202 2081 duobus
1262 2007 1691 2104 corporibus
1748 2008 2008 2101 cereis)
2083 2009 2471 2096 cernimuS,

391 2123 885 2196 necessarium
935 2134 1182 2195 tamen
1236 2145 1414 2210 esse,
1470 2132 1558 2192 ut
1611 2120 1874 2217 aliquis
1926 2121 2028 2193 ibi
2078 2133 2326 2194 tumor
2377 2122 2475 2194 sit

392 2236 727 2331 quamvis
763 2237 1093 2333 exiguuS,
1129 2236 1309 2309 satis
1342 2235 1775 2331 intelligitur
1810 2236 2118 2309 ratione.

495 2359 562 2421 5.
619 2350 707 2422 In
768 2349 928 2422 loco
994 2359 1240 2421 autem
1309 2347 1554 2421 clauso
1623 2348 1684 2421 si
1749 2359 2140 2445 utrumque
2208 2372 2474 2445 corpus
2502 2374 2674 2422 maida
2696 2391 2823 2423 com.

391 2462 509 2551 sit,
547 2463 859 2535 alterum
892 2463 986 2536 ab
1022 2451 1281 2547 altero,
1319 2462 1380 2534 si
1414 2462 2020 2558 comprimantur,
2058 2463 2474 2560 penetrabi-
2499 2455 2866 2570 {ssssssnffssssg

390 2589 536 2665 tur,
606 2577 890 2650 diverse
957 2589 1203 2650 tamen
1288 2599 1424 2672 pro
1497 2577 1845 2649 varietate
1914 2601 2133 2673 quam
2202 2576 2475 2649 habent

392 2702 816 2763 conatuum.
923 2689 1436 2787 Supponamus
1464 2690 1660 2762 enim
1688 2714 1778 2762 ex
1799 2691 2109 2763 materia
2137 2689 2320 2762 dura
2346 2714 2474 2762 vas

393 2803 938 2900 cylindraceum
963 2826 1389 2890 concavum,
1419 2802 1767 2896 utrinque
1802 2802 1990 2875 bene
2026 2804 2470 2893 obturatum,

391 2916 525 2990 sed
559 2917 920 3013 repletum
970 2916 1197 3012 priuS,
1234 2914 1519 2988 inferne
1572 2915 1869 3012 quidem
1904 2941 2072 2990 aere
2108 2916 2225 2988 vel
2259 2941 2472 3012 aqua,

391 3054 705 3127 superne
757 3053 933 3102 vero
987 3029 1268 3125 liquido
1322 3029 1566 3125 aliquo
1627 3030 1986 3125 graviore,
2033 3046 2119 3102 ut
2164 3044 2472 3125 argento

391 3144 581 3217 vivo.
687 3144 985 3216 Inverso
1047 3168 1223 3239 ergo
1277 3143 1636 3240 cylindro,
1693 3167 1987 3216 necesse
2043 3154 2178 3232 est,
2239 3143 2473 3239 magis

387 3258 826 3331 conantibus
860 3257 957 3330 ad
989 3256 1298 3330 fundum
1347 3257 1462 3342 iis,
1499 3280 1663 3354 quae
1714 3257 1948 3353 magis
1984 3269 2159 3330 sunt
2191 3257 2469 3351 gravia,

392 3383 468 3444 et
517 3369 868 3444 facultate
904 3371 1339 3444 excurrendi
1374 3370 1470 3443 ad
1509 3370 1745 3443 latera
1777 3381 2079 3467 propter
2129 3368 2471 3442 duritiem

391 3484 586 3557 vasis
618 3485 927 3573 sublata,
957 3483 1155 3581 quod
1181 3508 1404 3580 grave
1439 3495 1516 3556 et
1550 3483 1881 3579 superius
1917 3493 2100 3571 erat,
2124 3507 2169 3555 a
2202 3482 2471 3554 leviore

393 3598 621 3694 recipi
687 3609 765 3669 et
847 3597 1244 3671 subsidere.
1377 3595 1571 3670 Illud
1639 3595 1857 3685 enim,
1931 3596 2131 3690 quod
2187 3594 2471 3668 facilius

392 3712 715 3807 partium
749 3735 1046 3784 suarum
1095 3712 1374 3808 patitur
1425 3710 2010 3807 diremptionem,
2046 3709 2249 3805 prius
2287 3707 2470 3779 divi-

392 3824 645 3909 ditur;
701 3848 845 3920 quo
912 3824 1171 3914 diviso,
1226 3837 1310 3898 ut
1372 3837 1619 3922 partes
1678 3823 1977 3896 alterius
2032 3822 2469 3895 dirimantur

390 3963 539 4012 non
595 3949 710 4011 est
776 3938 1290 4011 necessarium.
1416 3937 1677 4033 Neque
1740 3959 1917 4032 ergo
1974 3933 2267 4031 quando
2323 3932 2467 4005 duo

388 4053 708 4149 liquores
750 4051 979 4125 clausi
1032 4051 1109 4124 in
1170 4051 1424 4125 eodem
1471 4073 1646 4122 vase
1701 4049 1946 4122 locum
1990 4058 2466 4136 commutant,

389 4189 684 4238 necesse
746 4178 879 4253 est,
940 4177 1024 4237 ut
1080 4188 1336 4237 eorum
1395 4175 1647 4260 partes
1700 4187 1926 4259 usque
1984 4162 2079 4236 ad
2133 4160 2469 4233 minimas

387 4280 987 4375 permisceantur.
1111 4280 1314 4375 Opus
1366 4279 1561 4351 enim
1613 4301 1762 4350 non
1813 4287 1946 4365 est,
2014 4299 2161 4347 uno
2214 4297 2468 4346 eorum

389 4392 739 4480 hiscente,
775 4404 858 4464 ut
893 4392 1189 4464 alterius
1224 4414 1513 4487 quoque
1540 4404 1789 4486 partes
1826 4388 2282 4462 dirimantur.

593 4539 777 4589 voi..
820 4538 874 4589 1.
2221 4535 2268 4584 'r
