3182 5102
1246 449 1646 501 LEMMATA
1686 448 2079 500 CAPITUM.

1357 703 1568 762 PARS
1612 702 1946 771 TERTIA,

889 851 969 890 DE
999 849 1393 890 RArlomBus
1425 848 1722 900 MOTUUM,
1752 850 1830 888 ΕΤ
1864 847 2403 889 MAGMTUDINUM.

564 961 658 1071 15..
692 1009 789 1069 De
828 1009 1067 1077 Natura,
1127 1009 1597 1085 proprietatibus,
1652 1018 1709 1067 et
1758 1009 1926 1066 variis
1970 978 2539 1068 Considerationibus

794 1113 995 1173 Motus
1022 1124 1082 1172 et
1108 1115 1364 1173 Conatus
1475 1158 1489 1172 .
1651 1157 1664 1170 .
1824 1156 1839 1169 .
1998 1154 2013 1169 .
2172 1154 2187 1170 .
2347 1156 2362 1171 .
2522 1155 2537 1170 .
2622 1115 2735 1176 175

563 1249 654 1305 16.
695 1246 789 1303 De
827 1244 999 1304 Motu
1033 1245 1368 1313 accelerato,
1411 1252 1473 1303 et
1511 1243 1804 1313 uniformi,
1846 1253 1906 1302 et
1946 1244 2019 1301 de
2048 1244 2219 1301 Motu
2261 1261 2364 1320 per
2403 1262 2539 1302 eon-

795 1368 1025 1407 eursum
1125 1391 1140 1405 .
1299 1390 1314 1405 .
1474 1390 1490 1406 .
1651 1391 1666 1405 .
1824 1390 1840 1405 .
1998 1390 2012 1405 .
2175 1390 2189 1404 .
2348 1390 2362 1404 .
2521 1390 2537 1405 .
2620 1351 2734 1406 184

561 1480 653 1537 17.
694 1478 788 1535 De
818 1476 1042 1554 Figuris
1068 1476 1491 1536 Deficientibus
1650 1518 1665 1534 .
1823 1519 1838 1533 .
1997 1519 2013 1534 .
2172 1519 2187 1533 .
2347 1519 2361 1532 .
2519 1518 2534 1533 .
2614 1480 2731 1536 208

560 1610 652 1665 18.
693 1606 786 1664 De
809 1605 1120 1664 Rectarum
1141 1615 1200 1664 et
1225 1604 1764 1664 Paraboliformium
1792 1605 2101 1665 Linearum
2129 1606 2480 1683 AEquatione
2520 1647 2536 1663 .
2614 1609 2731 1670 227

561 1740 652 1797 19.
691 1734 787 1794 De
809 1735 1055 1813 Angulis
1075 1735 1411 1795 Incidentiae
1432 1746 1491 1795 et
1520 1736 1890 1796 Refleetionis
1919 1737 2264 1814 AEqualibus
2345 1779 2360 1794 .
2519 1780 2533 1794 .
2614 1742 2724 1798 231

556 1871 652 1926 20.
691 1865 786 1925 De
840 1865 1213 1924 Dimensione
1268 1866 1485 1926 Circuli
1551 1876 1610 1924 et
1678 1866 1943 1925 Arcuum
1994 1867 2115 1924 sive
2168 1864 2534 1944 Angulorum

794 1970 1061 2029 Sectione
1121 2013 1137 2029 .
1296 2014 1310 2028 .
1471 2014 1486 2028 .
1652 2015 1667 2029 .
1823 2015 1839 2029 .
1998 2013 2012 2029 .
2172 2014 2187 2028 .
2346 2015 2360 2029 .
2520 2016 2534 2031 .
2615 1976 2734 2033 242

556 2105 652 2160 21.
692 2099 788 2159 De
815 2099 987 2159 Motu
1015 2102 1276 2159 circulari
1469 2144 1484 2158 .
1646 2144 1661 2159 .
1821 2145 1836 2159 .
1992 2144 2008 2159 .
2166 2139 2193 2161 ..
2343 2144 2358 2159 .
2518 2145 2534 2160 .
2612 2108 2728 2165 258

554 2234 650 2290 22.
689 2230 785 2290 De
812 2239 1021 2290 eaetera
1047 2231 1321 2291 Motuum
1348 2232 1647 2292 Varietate
1820 2276 1835 2290 .
2168 2276 2182 2290 .
2342 2276 2358 2290 .
2516 2276 2531 2291 .
2611 2237 2723 2298 271

556 2363 651 2419 23.
690 2359 786 2419 De
813 2359 1027 2419 Centro
1053 2360 1388 2438 AEquilibrii
1468 2404 1483 2419 .
1647 2404 1663 2419 .
1819 2405 1835 2421 .
1995 2406 2010 2421 .
2170 2406 2186 2421 .
2343 2405 2357 2420 .
2517 2406 2533 2421 .
2611 2369 2729 2426 286

557 2492 653 2547 24.
693 2487 788 2547 De
818 2488 1186 2548 Refraotione
1214 2497 1273 2548 et
1301 2490 1639 2550 Reflexione
1815 2534 1833 2549 .
1989 2534 2005 2550 .
2163 2536 2181 2551 .
2338 2536 2353 2550 .
2517 2537 2532 2551 .
2610 2498 2726 2558 305
2781 2493 2785 2497 ’

1303 2847 1307 2851 .
1334 2797 1546 2857 PARS
1585 2799 1955 2867 QUARTA.

964 2943 1258 2996 PHYSICA,
1288 2945 1434 2986 SIVE
1462 2947 1545 2987 DE
1574 2947 1857 2989 NATURAE
1885 2947 2337 2988 PHAENOMEMS.

557 3106 652 3163 25.
694 3102 787 3161 De
817 3102 1091 3162 Sensione
1118 3114 1176 3162 et
1202 3102 1375 3163 Motu
1405 3106 1660 3163 Animali
1817 3147 1831 3162 .
1990 3148 2005 3162 .
2168 3148 2182 3162 .
2343 3150 2358 3164 .
2517 3151 2531 3165 .
2611 3116 2728 3171 315

558 3236 651 3293 26.
694 3231 787 3290 De
808 3233 1092 3293 Universo
1118 3242 1178 3293 et
1206 3235 1518 3313 Syderibus
1641 3276 1656 3292 .
1817 3276 1831 3291 .
1990 3277 2005 3292 .
2166 3278 2182 3292 .
2341 3279 2356 3293 .
2517 3281 2532 3295 .
2610 3244 2728 3300 334·

556 3362 652 3424 27.
692 3359 788 3419 De
814 3361 992 3432 Luce,
1021 3364 1250 3433 Calore,
1273 3371 1332 3422 et
1359 3364 1665 3424 Coloribus
1818 3405 1832 3420 .
1993 3406 2008 3421 .
2167 3407 2181 3421 .
2341 3408 2357 3423 .
2515 3410 2529 3425 .
2607 3371 2730 3429 362

556 3492 651 3548 28.
690 3487 786 3547 De
815 3488 1067 3568 Frigore,
1095 3492 1304 3562 Vento,
1332 3492 1518 3563 Duro,
1558 3492 1779 3561 Glaeie,
1809 3492 2117 3552 Flexorum
2154 3497 2527 3568 restitutione,

789 3593 1114 3671 Diaphano,
1143 3595 1413 3675 Fulgore,
1435 3605 1494 3656 et
1520 3598 1785 3669 Tonitru,
1807 3605 1866 3656 et
1886 3597 2128 3676 Origine
2156 3599 2492 3660 Fluviorum
2512 3644 2533 3659 .
2607 3605 2725 3666 379

557 3726 651 3784 29.
692 3723 786 3780 De
815 3723 989 3791 Sono‚
1017 3724 1230 3797 Odore,
1262 3727 1496 3804 Sapore,
1524 3737 1583 3786 et
1610 3728 1817 3787 Tactili
1994 3772 2008 3787 .
2167 3770 2183 3788 .
2339 3773 2356 3788 .
2511 3773 2527 3789 .
2606 3738 2722 3795 395

556 3855 652 3912 30.
692 3849 788 3910 De
814 3851 1112 3912 Gravitate
1298 3897 1314 3911 .
1471 3897 1487 3912 .
1643 3897 1660 3912 .
1818 3897 1833 3912 .
1993 3898 2008 3914 .
2163 3900 2180 3915 .
2336 3900 2352 3916 .
2510 3901 2532 3916 .
2603 3864 2726 3920 413
