3182 5102
895 508 999 559 DE
1041 506 1981 576 Fn1conn,vnNT0,nTc.
2327 485 2467 563 387

410 671 781 768 diruptio
762 700 839 748 1n
879 692 1156 772 puncto
1205 679 1437 752 solum
1487 680 1646 751 fieri
1691 678 2049 766 videatur,
2100 687 2173 748 et
2225 684 2472 771 partes
2558 674 2732 729 PARS
2756 675 2846 727 IV·

408 800 839 881 separantur
871 814 917 862 a
950 813 1028 863 se
1059 792 1400 880 invicem,
1441 793 1679 888 primo
1732 792 2024 889 quidem
2072 789 2470 863 exteriores
2566 744 2815 848 *ff-³

408 899 486 972 in
521 902 855 993 circuitu,
890 918 1061 1000 post
1094 918 1339 979 autem
1373 905 1776 978 successive
1810 904 2213 977 interiores,
2300 902 2472 974 Post
2497 882 2860 1010 Ξζξζξξζῖζξξῗ

406 1014 555 1103 illa,
590 1014 899 1110 gradum
952 1016 1245 1092 duritiei
1296 1020 1647 1149 majorem
1697 1018 1936 1091 adhuc
1984 1017 2209 1089 habet
2260 1039 2468 1087 cera·
2452 1070 2470 1098 ,
2498 1029 2595 1073 ⁰¹0
2620 1014 2710 1060 &⁰-

410 1130 602 1201 hanc
637 1128 880 1219 etiam,
918 1131 1209 1225 quando
1243 1143 1530 1227 partem
1578 1133 1733 1227 ejus
1784 1155 1829 1203 a
1876 1139 2084 1226 parte
2133 1128 2473 1202 divellere

412 1243 770 1331 volumuS,
823 1244 1026 1339 prius
1094 1255 1566 1317 extenuamus
1635 1254 1892 1333 totam,
1963 1267 2180 1338 quam
2233 1254 2474 1338 partes

417 1356 842 1429 dirimimus,
948 1357 1244 1431 Quanto
1285 1369 1532 1430 autem
1574 1356 1825 1429 durius
1876 1368 1988 1428 est
2028 1354 2226 1450 quod
2279 1379 2476 1427 rum-

414 1470 737 1566 pendum
772 1481 904 1559 est,
937 1481 1147 1544 tanto
1182 1471 1291 1545 vis
1332 1473 1566 1567 major
1613 1482 1723 1544 est
1767 1468 2202 1542 adhibenda.
2306 1467 2479 1541 Pro·

418 1582 745 1657 cedendo
788 1606 963 1678 ergo
1012 1583 1109 1656 ad
1155 1583 1451 1658 duriora
1499 1595 1585 1657 ut
1625 1583 1862 1672 funes,
1897 1583 2120 1679 ligna,
2157 1581 2473 1670 metalla,

415 1696 717 1793 lapides,
757 1696 977 1783 idem,
1018 1698 1154 1770 etsi
1194 1722 1347 1771 non
1392 1721 1681 1793 semper
1732 1697 2192 1786 sensibiliter,
2229 1718 2480 1768 neces-

419 1809 608 1882 sario
629 1820 875 1882 tamen
901 1810 1330 1906 contingere
1359 1811 1617 1883 suadet
1643 1810 2132 1883 ratiocinatio.
2203 1809 2480 1881 Eodem

420 1947 594 2018 ergo
644 1922 864 1995 modo
919 1935 1358 2018 rumpuntur
1410 1923 1630 1996 etiam
1678 1922 2083 2012 durissima,
2137 1922 2482 1995 nimirum

421 2037 782 2110 solutione
818 2037 1144 2109 continui
1190 2037 1413 2127 facta,
1455 2037 1718 2133 primo,
1773 2036 1851 2110 in
1901 2037 2181 2109 ambitu
2238 2059 2486 2131 super-

420 2149 610 2223 ficiei
664 2149 979 2239 extimae,
1031 2162 1105 2224 et
1159 2150 1423 2223 deinde
1477 2150 1555 2223 in
1615 2149 1948 2246 partibus
2016 2149 2483 2222 interioribus

423 2264 849 2336 successive.
922 2263 1292 2351 Similiter,
1317 2264 1379 2336 si
1401 2288 1792 2360 corporum
1811 2275 2058 2360 partes
2078 2288 2228 2336 non
2251 2263 2484 2335 divul-

423 2374 625 2448 sione
660 2376 790 2449 sed
825 2377 1280 2450 diffractione
1333 2377 1759 2451 dirimendae
1811 2378 1982 2467 sint,
2028 2401 2324 2450 necesse
2375 2389 2485 2451 est

422 2500 665 2586 partes
736 2491 939 2586 prius
1010 2490 1338 2580 dissilire,
1418 2515 1578 2587 quae
1645 2503 1817 2564 sunt
1866 2491 1961 2564 ad
2030 2491 2487 2588 superficiem

425 2625 826 2676 convexam
858 2604 1030 2677 flexi
1065 2605 1415 2700 corporiS,
1450 2629 1674 2701 quam
1701 2605 1796 2677 ad
1822 2605 2279 2701 superficiem
2313 2629 2487 2678 con-

427 2740 702 2789 cavam.
805 2717 998 2789 Nam
1049 2716 1127 2789 in
1170 2718 1368 2791 omni
1421 2718 1759 2805 flexione,
1814 2730 1924 2790 est
1974 2718 2051 2791 in
2108 2718 2486 2814 superficie

425 2853 750 2903 convexa
798 2830 1119 2925 partium
1172 2841 1473 2903 conatus
1527 2831 1623 2903 ad
1677 2831 2229 2916 discessionem;
2283 2843 2360 2905 at
2412 2831 2489 2903 in

426 2944 806 3040 superficie
842 2968 1182 3033 concava,
1219 2945 1314 3018 ad
1346 2957 1675 3017 mutuam
1708 2944 2312 3041 penetrationem.

527 3057 664 3131 His
721 3057 1135 3147 intellectiS,
1194 3057 1406 3131 reddi
1465 3059 1655 3132 ratio
1721 3069 1993 3154 potest,
2056 3080 2279 3155 quare
2341 3056 2487 3130 duo

428 3194 759 3267 corpora,
797 3194 961 3267 quae
996 3171 1397 3244 secundum
1430 3171 1892 3267 superficiem
1927 3195 2388 3244 communem
2410 3193 2487 3242 se

428 3297 684 3358 mutuo
771 3284 1236 3381 contingunt,
1314 3285 1601 3381 possint
1669 3297 1916 3359 tamen
1981 3286 2055 3357 vi
2110 3284 2484 3372 adhibita,

430 3398 652 3470 etiam
682 3396 887 3470 nullo
939 3397 1112 3471 dato
1145 3422 1402 3488 vacuo,
1442 3398 1774 3471 dissilire.
1879 3397 2098 3472 Quod
2149 3397 2488 3471 Lucretio

430 3535 581 3585 non
641 3509 1029 3583 videbatur
1095 3510 1202 3583 ita
1260 3534 1443 3597 esse,
1513 3535 1681 3584 cum
1741 3511 1833 3584 ab
1903 3535 1992 3583 ea
2056 3511 2488 3583 dissilitione

428 3624 721 3697 videtur
750 3623 889 3696 sibi
922 3648 1233 3696 vacuum
1268 3624 1723 3697 stabilivisse.
1826 3624 2020 3697 Nam
2056 3625 2116 3696 si
2151 3624 2491 3696 columna

429 3761 840 3810 marmorea
886 3738 978 3810 ab
1026 3738 1259 3811 altera
1306 3740 1478 3811 base
1511 3739 1839 3834 pendens
1875 3739 2326 3826 exhibeatur,
2380 3760 2488 3822 ea,

432 3851 496 3924 si
540 3850 715 3923 satis
766 3850 990 3946 longa
1038 3850 1157 3940 sit,
1214 3851 1326 3923 sui
1376 3850 1604 3946 ipsius
1644 3851 1968 3948 pondere
2004 3851 2484 3946 diffringetur.

432 3965 605 4037 Non
640 3975 887 4037 tamen
935 3963 1091 4036 dari
1126 3988 1437 4037 vacuum
1470 3963 1881 4036 necessario
1933 3963 2104 4036 inde
2139 3963 2490 4058 sequitur,

434 4076 726 4175 quando
761 4078 854 4148 ab
889 4078 1172 4149 ambitu
1203 4077 1299 4149 ad
1332 4077 1815 4149 meditullium
1850 4076 2115 4149 solutio
2152 4075 2493 4149 continu-

433 4190 635 4264 itatis
669 4191 828 4262 fieri
860 4202 1107 4285 potest
1141 4190 1568 4263 successive.

533 4312 604 4376 9.
674 4303 990 4376 Duritiei
1048 4304 1124 4376 in
1178 4305 1395 4377 rebus
1448 4304 1810 4399 aliquibus
1870 4303 2013 4376 alia
2068 4328 2287 4376 causa
2336 4327 2494 4376 esse
2518 4271 2676 4372 causa
2711 4321 2850 4370 terna

434 4427 682 4510 potest
714 4416 1152 4513 hujusmodi.
1258 4418 1451 4491 Nam
1479 4419 1541 4491 si
1569 4442 1833 4515 corpus
1867 4418 2084 4491 molle
2119 4443 2210 4491 ex
2241 4419 2491 4491 multis
2517 4387 2706 4436 ‘'urm‘'
2726 4388 2784 4434 ἰ’

2107 4553 2149 4604 c
2169 4553 2211 4604 c
2248 4541 2291 4605 2
