3182 5102
798 438 937 504 322
1630 402 2008 497 nantcA.

429 627 599 742 ΡΔῐὲἓ
635 627 723 677 IV·
798 615 1054 711 organi
1116 623 1361 710 partes
1421 635 1699 702 omneS,
1767 611 1860 683 ab
1927 609 2144 684 unius
2210 610 2518 707 alicujus
2584 610 2853 706 objecti

440 725 705 802 κ-Ἶ-’ω
797 728 1132 802 sensione
1214 725 1627 801 vehementi
1710 735 2285 815 commoventur,
2370 723 2467 797 ad
2545 723 2856 797 aliorum

799 844 1255 939 objectorum
1338 840 1689 928 omnium,
1774 839 1870 912 ad
1953 862 2462 935 quemcunque
2542 837 2857 909 attinent

796 980 1114 1040 sensum,
1169 955 1533 1028 actionem
1583 952 2100 1048 recipiendam,
2150 977 2283 1048 per
2323 951 2859 1024 contumaciam

797 1093 1015 1166 quam
1047 1079 1250 1143 mota
1277 1068 1552 1141 habent
1585 1066 1682 1139 ad
1712 1075 1996 1139 motum
2029 1065 2527 1163 recipiendum
2558 1088 2856 1153 novum,

796 1181 1040 1255 minus
1075 1192 1249 1254 sunt
1277 1181 1508 1254 utilia.
1611 1180 1708 1252 Et
1739 1178 1911 1251 inde
1944 1189 2057 1251 est
2103 1178 2303 1274 quod
2340 1178 2556 1251 unius
2591 1177 2861 1272 objecti

798 1295 1123 1368 studium
1179 1294 1490 1367 aliorum
1540 1294 1997 1389 objectorum
2050 1316 2366 1381 sensum,
2420 1302 2864 1389 praesentem

800 1408 1118 1504 quidem,
1185 1408 1466 1480 nullum
1533 1429 1694 1479 esse
1762 1406 2063 1503 patitur.
2239 1406 2580 1480 Studium
2664 1404 2865 1477 enim

798 1520 999 1593 aliud
1030 1544 1181 1595 non
1219 1532 1331 1594 est
1375 1530 1647 1616 praeter
1692 1520 1916 1592 animi
1966 1519 2545 1616 occupationem,
2595 1518 2674 1591 id
2726 1530 2864 1608 est,

800 1657 1240 1730 organorum
1274 1633 1635 1707 sentiendi
1668 1643 1947 1707 motum
1981 1634 2074 1707 ab
2117 1657 2265 1707 uno
2300 1634 2543 1730 aliquo
2577 1633 2693 1729 obj
2701 1642 2868 1706 ecto

797 1745 1073 1820 factum
1118 1747 1645 1836 vehementem,
1694 1770 1839 1842 quo
1892 1746 2199 1820 durante
2248 1746 2345 1820 ad
2396 1758 2663 1820 caetera
2714 1757 2870 1819 stu-

800 1870 1026 1956 pent;
1105 1863 1319 1957 juxta
1398 1860 1477 1933 id
1559 1859 1757 1956 quod
1839 1859 2116 1932 dictum
2192 1871 2305 1933 est
2378 1884 2425 1933 a
2494 1859 2868 1947 Terenti0,

803 1971 1140 2071 Populus
1173 1973 1423 2048 studio
1448 1973 1798 2071 stupidus
1834 1972 1910 2046 in
1916 1971 2369 2069 funambulo
2405 1973 2721 2046 animum
2751 1995 2873 2045 oc-

806 2096 1153 2184 cuparat.
1226 2088 1495 2183 Stupor
1529 2097 1774 2159 autem
1802 2085 1981 2183 quid
2006 2097 2121 2159 est
2142 2098 2413 2182 praeter
2439 2084 2873 2173 ἀναισθησίαν,

804 2199 885 2272 id
917 2211 1052 2290 est,
1106 2200 1468 2274 sentiendi
1513 2200 1657 2272 alia
1706 2198 2233 2293 cessationem?
2338 2198 2658 2273 Unicum
2691 2220 2874 2294 ergo

806 2324 919 2387 est
950 2314 1342 2410 objectum,
1380 2313 1578 2411 quod
1608 2338 1757 2386 uno
1787 2324 1863 2386 et
1891 2312 2147 2385 eodem
2171 2323 2501 2409 tempore
2534 2310 2876 2383 sensione

805 2427 1230 2524 percipitur.
1365 2426 1569 2499 Adeo
1638 2438 1723 2499 ut
1780 2426 2109 2522 legentes
2162 2426 2413 2499 literas
2464 2422 2879 2497 successive

804 2564 954 2614 non
1020 2566 1272 2616 omnes
1331 2541 1664 2615 videmus
1732 2540 1970 2630 simul,
2040 2539 2336 2614 tametsi
2391 2550 2551 2613 tota
2600 2536 2880 2634 pagina

805 2654 1228 2741 illustretur,
1263 2667 1341 2729 et
1388 2659 1802 2751 spectantes
1846 2676 1995 2726 uno
2045 2653 2321 2727 intuitu
2370 2654 2447 2724 in
2499 2652 2875 2748 paginam,

806 2769 1133 2863 quamvis
1173 2766 1719 2841 distinctissime
1751 2767 1988 2842 literae
2022 2767 2330 2863 singulae
2372 2766 2663 2862 scriptae
2698 2764 2875 2854 sint,

805 2882 1115 2978 legimus
1151 2891 1396 2954 tamen
1429 2879 1638 2957 nihil.

907 2995 1228 3092 Intelligi
1260 2995 1435 3068 hinc
1458 3003 1703 3091 potest
1730 3003 2073 3070 conatum
2098 2992 2354 3089 organi
2381 2991 2478 3065 ad
2510 2990 2880 3064 exteriora

805 3132 954 3182 non
1003 3132 1294 3181 omnem
1349 3106 1757 3181 dicendum.
1794 3130 1950 3181 esse
1995 3106 2428 3195 sensionem,
2485 3105 2614 3179 sed
2666 3104 2877 3177 illum

808 3233 1098 3295 tantum
1131 3221 1256 3317 qui
1290 3219 1595 3309 caeteriS,
1629 3243 1764 3316 pro
1799 3220 2104 3316 singulis
2145 3219 2617 3314 temporibus,
2652 3217 2881 3290 vehe-

806 3335 1081 3408 mentia
1135 3345 1435 3431 praestat
1494 3344 1569 3405 et
1625 3332 2240 3429 praedominatur3
2296 3344 2879 3428 caeterarumque

809 3469 1054 3519 rerum
1086 3448 1618 3544 phantasmata,
1653 3458 1738 3521 ut
1781 3446 1908 3520 lux
1941 3447 2112 3519 solis
2166 3457 2594 3520 caeterorum
2641 3457 2882 3519 astro-

807 3584 971 3636 rum
1029 3561 1291 3650 lucem,
1359 3584 1510 3634 non
1564 3560 1929 3633 actionem
1993 3560 2483 3657 impediendo,
2548 3559 2679 3633 sed
2740 3583 2879 3655 per

805 3672 1167 3770 fulgorem
1200 3673 1507 3747 nimium
1539 3673 1961 3747 offuscando
1995 3684 2071 3746 et
2101 3673 2617 3756 abscondendo
2655 3672 2876 3746 tollit.

391 3808 651 3886 rtet-erip„
720 3873 732 3885 ⁸
908 3790 979 3871 7.
1034 3786 1234 3861 Solet
1293 3797 1537 3861 autem
1605 3799 1845 3861 motus
1912 3787 2191 3884 organi,
2268 3811 2360 3860 ex
2427 3811 2573 3884 quo
2640 3786 2881 3860 oritur·

391 3873 767 4002 {32⁴}ssssngss
806 3900 1266 3995 phantasma,
1353 3924 1502 3973 non
1583 3900 1724 3973 nisi
1804 3911 2163 3997 praesente
2246 3901 2560 3997 objecto,
2628 3900 2872 3974 sensio

388 4005 786 4119 {ffiffiaeffe'ff
809 4013 1201 4109 appellari:
1253 4025 1538 4087 remoto
1573 4024 1819 4087 autem
1852 4014 2003 4088 sive
2042 4024 2520 4110 praetervecto
2555 4014 2873 4109 object0,

391 4134 450 4182 de
472 4149 655 4182 wmno·
809 4138 1149 4201 manente
1181 4137 1427 4200 tamen
1459 4128 1994 4224 phantasmate,
2040 4127 2449 4223 phantasia,
2487 4138 2559 4199 et
2592 4127 2872 4202 Latinis

808 4238 1230 4334 imaginatio
1257 4271 1275 4323 ;
1318 4264 1482 4336 quae
1508 4264 1674 4330 vox,
1703 4241 2045 4337 quoniam
2072 4264 2222 4313 non
2257 4241 2503 4314 omnia
2526 4241 2875 4337 phantas-

807 4362 1005 4425 mata
1037 4352 1391 4448 imagines
1426 4364 1619 4442 sunt,
1655 4353 2063 4449 phantasiae
2094 4353 2532 4449 generaliter
2560 4365 2879 4451 sumptae
