3182 5102
875 454 982 506 DE
1025 454 1417 521 rme-ona,
1456 454 1766 521 VENTO,
1805 453 1980 504 E‘rc.
2321 439 2467 502 383

278 605 287 606 ἶ
391 624 597 712 (10115,
633 622 742 696 ita
775 624 1347 719 conjunguntur,
1399 631 1486 693 ut
1535 620 1952 693 substantia
1984 618 2307 692 aetherea
2338 641 2470 689 un·
2548 623 2838 738 PA122351V·

391 737 774 832 dequaque
808 736 899 808 ab
934 736 1023 809 iis
1078 736 1174 809 sit
1208 735 1577 822 conclusa,
1632 734 1853 806 etiam
1891 733 1996 806 sic
2031 754 2469 828 compressa,
2562 725 2829 798 ——÷'—-ae

389 874 659 946 aquam
691 848 1214 945 pertransiens,
1251 848 1501 921 exibit.
1555 847 1852 921 Interea
1883 870 2056 919 vero
2090 844 2471 942 particulae

392 964 605 1064 durae
652 961 909 1036 aetheri
942 962 1401 1051 intermistae,
1438 974 1515 1035 et
1547 973 1780 1049 motu,
1815 973 1900 1033 ut
1934 958 2469 1056 supposuimus»,

393 1076 721 1172 simplice
752 1075 1072 1171 agitatae,
1123 1099 1258 1173 per
1291 1100 1556 1172 aquam
1590 1075 1807 1148 nubis
1842 1098 1991 1148 non
2028 1072 2469 1160 transibunt,

388 1189 637 1262 sedin
682 1189 1123 1262 cavitatibus
1177 1190 1486 1263 nubium
1537 1190 1814 1263 arctius
1869 1188 2472 1284 comprimentur.

395 1303 495 1376 Et
536 1304 696 1376 haec
747 1301 1045 1400 quidem
1079 1303 1578 1376 demonstrata
1632 1315 1827 1390 sunt,
1881 1327 2041 1398 cap.
2079 1322 2297 1373 xxn.
2334 1309 2474 1371 art.

396 1426 470 1504 4,
508 1425 577 1489 5.
682 1415 1070 1506 Praeterea,
1119 1416 1469 1513 quoniam
1495 1416 1760 1512 globus
1794 1415 2076 1489 telluris
2111 1413 2394 1501 aetheri,
2432 1437 2477 1485 a

398 1529 569 1603 solis
628 1538 835 1601 motu
900 1528 1136 1624 pulso,
1204 1529 1520 1618 innatat,
1571 1540 1820 1626 partes
1876 1527 2172 1602 aetheris
2231 1526 2477 1600 telluri

398 1641 889 1738 impingentes
923 1641 1409 1739 undequaque
1460 1667 1597 1739 per
1641 1642 1869 1739 ipsius
1908 1642 2191 1717 telluris
2226 1665 2479 1738 super-

400 1754 641 1827 ficiem
688 1755 1217 1851 expandentur,
1271 1769 1359 1830 ut
1418 1781 1578 1852 cap.
1636 1779 1820 1829 xm.
1877 1770 2017 1830 art.
2052 1765 2125 1846 8,
2175 1756 2478 1829 demon-

401 1880 714 1942 stratum
750 1881 889 1941 est.

507 1990 575 2054 5.
627 1981 913 2053 Durum
954 2005 1044 2054 ex
1098 2005 1186 2055 eo
1235 1982 1767 2079 cognoscimus,
1823 1983 2045 2079 quod,
2094 2007 2263 2055 cum
2318 2007 2477 2055 cor·
2505 2000 2697 2078 Duram
2713 2014 2773 2078 ,ες

403 2094 604 2191 poris
671 2094 980 2192 alicujus
1056 2109 1345 2192 partem
1421 2120 1641 2191 quam
1726 2096 2094 2192 tangimus
2170 2095 2480 2170 ulterius
2502 2066 2906 2192 ἒὲἶιᾷἦζᾟζέἷῆ,

406 2208 740 2281 volumus
766 2209 1197 2305 propellere,
1218 2210 1361 2283 nisi
1396 2221 1555 2283 toto
1593 2210 1807 2282 simul
1827 2210 2175 2306 propulso
2209 2209 2485 2284 frustra

405 2322 769 2395 volumus,
871 2324 1085 2397 Aeris
1116 2324 1414 2420 quidem
1445 2325 1562 2397 vel
1598 2348 1807 2420 aquae
1841 2324 2277 2420 particulam
2327 2336 2483 2396 tac-

408 2446 564 2507 tam
596 2437 714 2508 vel
745 2460 1166 2531 percussam
1217 2437 1432 2510 facile
1483 2451 1560 2510 et
1618 2437 2061 2510 sensibiliter
2111 2437 2485 2534 protrudi-

408 2573 596 2639 111115,
643 2550 977 2646 partibus
1026 2562 1278 2625 tamen
1334 2553 1641 2642 caeteriS,
1694 2551 1941 2648 quoad
1995 2576 2312 2641 sensum,
2348 2550 2485 2623 im-

410 2663 681 2737 motis:
734 2664 997 2762 lapidis
1030 2678 1319 2763 partem
1353 2691 1504 2740 non
1547 2666 1750 2739 item.
1852 2666 2260 2739 Definimus
2310 2687 2485 2759 ergo

411 2778 681 2851 durum
714 2801 871 2851 0550
909 2802 1176 2875 corpus
1222 2778 1429 2867 illud,
1490 2781 1696 2876 cujus
1745 2803 1916 2875 pars
1951 2780 2227 2852 moveri
2262 2778 2488 2850 sensi-

411 2892 659 2966 biliter
712 2892 915 2965 nulla
971 2904 1243 2989 potest,
1299 2893 1441 2966 nisi
1501 2904 1704 2966 moto
1759 2904 1944 2966 toto.
2050 2891 2269 2965 Quod
2310 2915 2487 2987 ergo

414 3005 635 3079 molle
694 3005 813 3077 vel
871 3005 1178 3078 fluidum
1240 3018 1375 3094 est,
1435 3005 1594 3078 fieri
1654 3005 1918 3078 durum
1965 3005 2057 3078 ab
2092 3005 2237 3077 alia
2271 3029 2491 3078 causa

414 3143 568 3192 non
600 3129 872 3214 potest,
907 3119 1050 3193 nisi
1081 3144 1129 3192 a
1159 3132 1368 3192 motu
1390 3118 1544 3207 tali,
1567 3132 1655 3191 ut
1672 3130 1922 3215 partes
1941 3119 2186 3214 plures
2208 3130 2490 3192 motum

414 3231 647 3328 partis
678 3231 895 3303 unius
921 3232 1331 3328 cujuslibet,
1356 3232 1571 3305 simul
1594 3255 1847 3305 omnes
1867 3232 2006 3327 ipsi
2044 3233 2491 3318 resistenteS,

418 3343 847 3439 impediant.

520 3465 596 3529 6.
650 3456 789 3529 His
821 3456 1234 3552 praemissis,
1268 3457 1687 3553 possibilem
1709 3480 2002 3530 causam
2028 3456 2495 3530 ostendemus
2520 3476 2682 3551 caqsa
2700 3474 2785 3551 (τε-

422 3593 651 3667 quare
682 3569 916 3666 frigus
951 3570 1149 3643 circa
1182 3583 1401 3644 terrae
1456 3571 1667 3667 polos
1719 3572 1955 3667 majus
2008 3582 2145 3660 est,
2198 3592 2418 3667 quam
2452 3592 2497 3640 a
2519 3554 2812 3670 {312⁸stss

422 3683 612 3781 polis
645 3684 1020 3756 remotius,
1118 3685 1293 3773 Aer,
1329 3709 1375 3757 a
1398 3695 1736 3757 versante
1756 3685 1951 3757 inter
1985 3684 2306 3780 tropicos
2346 3681 2496 3755 sole

425 3796 522 3869 ad
572 3809 791 3870 terrae
851 3797 1312 3893 superficiem
1370 3798 1509 3870 sibi
1569 3798 2273 3895 perpendiculariter
2329 3796 2498 3870 sub-

418 3913 699 4008 jectam
782 3910 1193 4007 propulsuS‚
1277 3911 1770 4007 undequaque
1853 3911 2334 4009 expanditur3
2422 3923 2499 3983 et

425 4023 750 4096 velocius
809 4023 1131 4121 quidem,
1191 4047 1338 4121 quo
1393 4025 1812 4121 superficies
1845 4037 2060 4097 terrae
2093 4025 2328 4098 actior
2362 4037 2497 4115 est,

428 4137 509 4210 id
541 4148 678 4226 est,
737 4136 867 4209 ubi
901 4137 1156 4210 circuli
1190 4138 1546 4235 aequatori
1578 4139 1906 4235 paralleli
1951 4151 2123 4212 sunt
2155 4139 2498 4213 minores.

432 4251 685 4324 Motus
746 4273 922 4346 ergo
989 4250 1177 4324 aeris
1245 4275 1321 4324 se
1391 4252 1872 4348 expandentis
1936 4264 2183 4350 partes
2252 4253 2501 4326 obvias

430 4387 683 4437 versus
733 4364 941 4460 polos
974 4388 1264 4461 semper
1314 4376 1485 4439 ante
1539 4389 1617 4438 se
1670 4364 1902 4461 pellit,
1961 4366 2193 4462 magis
2254 4378 2499 4439 autem
