3182 5102
778 470 920 535 366
1623 491 2004 544 PHYSICA.

410 650 694 769 hug-IV·
782 674 828 722 a
875 663 1082 724 motu
1137 654 1312 727 solis
1364 655 1704 728 circulari
1759 655 2088 752 simplice
2136 654 2457 728 medium
2516 654 2863 743 fluidum,

411 787 696 823 2-2-2
782 788 997 860 quem
1031 791 1378 841 vocamus
1412 793 1682 857 aerem,
1711 782 1796 842 ut
1830 793 2083 842 omnes
2118 772 2273 865 ejus
2306 782 2582 864 parteS,
2618 792 2862 864 usque

407 848 751 965 ξῗζορζῗζέζίῑ,
778 877 874 949 ad
918 879 1278 971 minimas,
1327 882 1492 954 loca
1542 908 1675 955 sua
1724 884 1919 955 inter
1971 906 2049 955 se
2112 894 2468 978 perpetuo
2526 906 2863 954 commu·

777 1002 981 1073 tent;
1069 1016 1291 1087 quam
1357 994 1688 1068 locorum
1758 996 2239 1068 mutationem
2309 995 2858 1068 nominavimus

773 1104 1439 1181 fermentationem.
1544 1111 1656 1182 Ex
1691 1134 1779 1182 ea
1823 1109 2393 1183 fermentatione
2442 1110 2637 1182 aeris
2689 1110 2858 1181 fieri

775 1243 992 1315 posse
1061 1222 1545 1296 elevationem
1596 1248 1808 1319 aquae
1869 1224 1946 1296 in
2002 1224 2255 1312 nubeS,
2314 1223 2854 1296 demonstravi-

775 1356 959 1405 mus,
1093 1334 1329 1408 Simili
1390 1336 1636 1425 modo,
1694 1361 1734 1409 e
1803 1337 2234 1432 corporibus
2287 1336 2560 1409 nostris
2595 1349 2851 1432 partes

776 1447 1073 1520 fluidas
1109 1449 1202 1521 ab
1269 1449 1576 1521 internis
1652 1449 1745 1521 ad
1826 1462 2134 1522 externa
2199 1449 2412 1521 educi
2477 1474 2698 1546 posse
2757 1452 2850 1523 ab

775 1560 1033 1633 eadem
1082 1561 1678 1647 fermentatione,
1751 1562 2221 1635 ostendemus
2303 1584 2526 1634 nunc.
2643 1563 2851 1637 Quo-

774 1673 974 1745 niam
1054 1674 1273 1763 enim,
1356 1674 1482 1746 ubi
1552 1674 1876 1746 medium
1927 1673 2284 1769 liquidum
2353 1676 2651 1769 corpori
2718 1701 2848 1750 cu-

765 1784 1070 1881 juslibet
1137 1786 1471 1868 animalis
1535 1787 1966 1882 contiguum
2019 1798 2155 1874 est,
2223 1786 2329 1858 ibi
2379 1798 2631 1882 partes
2688 1792 2849 1884 ejus

772 1897 1020 1984 medii,
1066 1899 1368 1971 mutatis
1412 1898 1618 1984 lociS,
1672 1909 2032 1994 perpetuo
2077 1922 2123 1970 a
2164 1922 2243 1970 se
2284 1899 2600 1971 invicem
2649 1900 2848 1972 avel-

771 2011 1048 2100 luntur,
1121 2034 1422 2083 necesse
1511 2024 1625 2083 est
1695 2023 1780 2083 ut
1860 2022 2108 2105 partes
2180 2010 2512 2083 animalis
2597 2012 2846 2084 medio

771 2124 1141 2220 contiguae
1250 2125 1327 2196 in
1424 2124 1956 2221 diremptamm
2039 2124 2363 2220 partium
2455 2124 2849 2197 intervalla

770 2251 1134 2310 conentur
1191 2237 1503 2333 ingredi.
1608 2237 1931 2333 Alioqui,
1987 2237 2393 2333 diremptis,
2447 2261 2615 2308 cum
2669 2261 2846 2333 sup-

764 2351 1090 2445 positum
1142 2351 1239 2423 sit
1289 2375 1439 2423 non
1493 2350 1654 2424 dari
1705 2350 1952 2423 locum
1999 2373 2337 2435 vacuum,
2391 2350 2595 2423 locus
2647 2365 2846 2424 esset

764 2462 1032 2536 nullus.
1098 2531 1101 2538 ,
1136 2463 1223 2536 Id
1255 2488 1456 2561 erg0‚
1494 2464 1693 2561 quod
1725 2465 1803 2536 in
1836 2464 2171 2561 partibus
2221 2464 2554 2536 animalis
2588 2465 2842 2538 medio

764 2579 1134 2673 contiguis
1170 2591 1285 2652 est
1323 2580 1635 2652 maxime
1669 2578 1979 2651 fluidum
2033 2593 2108 2652 et
2157 2578 2587 2675 separabile,
2625 2603 2842 2675 egre-

763 2691 1006 2764 dietur
1034 2692 1271 2788 primo
1301 2724 1319 2775 ;
1376 2692 1640 2765 deinde
1670 2692 1943 2788 egressi
1971 2692 2217 2764 locum
2242 2693 2556 2765 subeunt
2583 2706 2843 2787 partes

762 2803 930 2892 illae,
977 2827 1141 2898 quae
1184 2828 1316 2899 per
1358 2804 1548 2877 cutis
1595 2827 1815 2901 poros
1858 2804 2172 2876 maxime
2220 2815 2394 2877 sunt
2434 2805 2843 2901 transpira-

760 2917 969 2991 biles.
1076 2918 1397 2990 Caeteras
1431 2941 1610 3013 ergo
1644 2929 1917 3013 partes,
1954 2941 2117 3012 quae
2157 2940 2309 2989 non
2359 2916 2837 3006 divelluntur,

760 3030 1256 3103 necessarium
1325 3043 1436 3102 est
1494 3031 1602 3103 ita
1667 3041 1830 3102 tota
1895 3029 2177 3103 moveri
2241 3029 2459 3118 mole,
2527 3044 2613 3102 ut
2666 3031 2837 3103 loca

762 3144 1011 3216 omnia
1066 3144 1595 3239 compleantur.
1702 3141 1788 3215 Id
1848 3142 2022 3237 quia
2078 3143 2238 3215 fieri
2298 3168 2344 3215 a
2398 3154 2557 3216 tota
2614 3143 2835 3216 simul

754 3255 976 3345 mole,
1013 3256 1156 3328 nisi
1196 3268 1443 3351 partes
1498 3254 2045 3328 circumstantis
2095 3255 2834 3351 discessurientisque

758 3369 949 3442 aeris
1004 3368 1557 3465 comprimente,
1613 3391 1764 3440 non
1816 3378 2082 3463 potest,
2138 3392 2265 3440 aer
2318 3393 2364 3440 a
2423 3380 2584 3440 tota
2636 3370 2834 3441 mole

757 3481 1311 3578 comprimitur3
1363 3479 1595 3552 moles
1629 3502 1805 3575 ergo
1859 3479 2211 3575 corporiS,
2260 3491 2422 3552 tota
2476 3480 2694 3552 simul
2741 3505 2834 3553 ea

752 3594 875 3666 via
901 3618 1200 3682 conanS,
1238 3591 1686 3666 intumescit.
1791 3590 2029 3664 Causa
2062 3616 2239 3688 ergo
2288 3593 2551 3665 caloris
2592 3617 2638 3665 a
2671 3594 2832 3666 sole

752 3707 1043 3779 reddita
1076 3718 1190 3779 est
1221 3705 1627 3804 possibilis:
1681 3703 1878 3798 quod
1912 3718 2071 3777 erat
2103 3705 2544 3783 faciendum.

412 3833 670 3909 ,Geperatio
851 3830 921 3894 4.
977 3820 1308 3892 Vidimus
1335 3821 1491 3914 jam
1524 3816 1896 3914 quomodo
1931 3817 2081 3906 lux,
2111 3830 2186 3891 et
2214 3819 2584 3914 quomodo
2621 3820 2829 3894 calor

410 3914 535 3960 ’μ’
559 3916 584 3946 ‘¹
607 3899 722 3950 ⁸⁰¹*
748 3945 1192 4031 generatur:
1257 3932 1459 4006 calor
1526 3930 1826 4026 quidem
1884 3954 1973 4002 ex
2041 3955 2153 4020 eo,
2223 3932 2422 4027 quod
2474 3933 2549 4007 in
2612 3947 2825 4008 motu

748 4048 970 4122 medii
1010 4046 1337 4143 simplice
1379 4058 1628 4142 partes
1676 4067 1845 4117 cum
1893 4045 2226 4140 partibus
2276 4045 2441 4118 loca
2494 4071 2823 4120 commu-

748 4173 949 4235 tent:
1003 4161 1131 4233 lux
1165 4172 1412 4233 autem
1448 4183 1540 4231 ex
1573 4183 1687 4248 ec,
1725 4157 1923 4253 quod
1957 4159 2034 4231 in
2078 4158 2337 4231 eodem
2384 4178 2594 4231 motu
2646 4160 2821 4234 sim-

745 4274 936 4370 plice
970 4285 1419 4370 propagetur
1440 4273 1634 4345 actio
1664 4296 1797 4369 per
1820 4272 2090 4345 lineam
2114 4284 2418 4345 rectam.
2500 4272 2821 4347 Quando

747 4413 922 4462 vero
949 4390 1355 4483 subjectum
1385 4386 1686 4484 aliquod
1712 4387 1934 4460 talem
1962 4388 2038 4459 in
2069 4410 2146 4459 se
2181 4398 2465 4459 motum
2492 4386 2820 4481 partium
