3182 5102
1103 492 1254 535 vrrA
1286 491 1444 536 Tuo,
1482 490 1760 534 nonnas.
2360 467 2509 533 xciii

521 658 844 726 Lutetiam
871 657 953 724 ad
982 680 1197 746 regem
1226 656 1461 722 multus
1489 656 1663 722 venit
1690 655 1838 720 inde
1860 653 2154 720 scholaris

611 795 926 882 Expulsus
954 796 1175 882 patria,
1209 794 1419 871 tristi&
1452 815 1707 881 egeam,
1739 805 1914 857 onus·

526 932 678 998 Huc
705 932 826 998 fuit
852 954 1051 1020 usque
1081 932 1234 996 meis
1263 930 1483 996 studiis
1513 953 1660 1017 pax,
1693 928 2103 1015 multiplicata

611 1069 786 1133 Dum
815 1069 1091 1135 facerent
1119 1091 1315 1134 annos
1345 1082 1484 1132 octo
1513 1090 1628 1154 per
1655 1081 1796 1132 octo
1825 1088 2035 1130 meos:

529 1206 661 1271 Sed
689 1228 863 1270 meus
890 1204 995 1269 ille
1023 1205 1203 1281 liber,
1235 1203 1420 1268 simul
1448 1218 1639 1291 atque
1667 1203 2051 1269 scholaribus
2080 1202 2201 1267 illis

617 1341 850 1406 Lectus
879 1355 1032 1418 erat,
1059 1340 1205 1405 Jani
1235 1339 1558 1404 dissiluere
1588 1338 1769 1404 fores,

528 1477 703 1542 Nam
737 1477 898 1563 Regi
927 1498 1183 1541 accusor
1206 1475 1379 1552 falso,
1405 1476 1582 1562 quasi
1614 1475 1777 1539 facta
1804 1474 2138 1561 probarem

622 1610 826 1698 Impia
856 1611 1233 1690 Cromwelli,
1255 1613 1362 1697 jus
1390 1610 1732 1698 scelerique
1760 1610 1996 1676 darem.

532 1747 876 1828 Creditur3
919 1749 1193 1814 adversis
1222 1750 1288 1812 in
1317 1749 1602 1835 partibus
1630 1771 1763 1813 esse
1791 1748 2088 1823 videbar3

627 1883 942 1981 Perpetuo
962 1886 1192 1971 jubeor
1226 1885 1420 1972 Regis
1449 1886 1666 1950 abesse
1694 1883 1903 1949 domo.

534 2018 731 2084 Tunc
758 2020 931 2084 venit
958 2020 1023 2083 in
1055 2035 1330 2085 mentem
1359 2021 1513 2085 mihi
1544 2021 1934 2104 Dorislausff
1961 2037 2028 2085 et
2057 2020 2326 2086 Ascham
2353 2031 2409 2099 ;†

628 2156 961 2244 Tanquam
992 2160 1337 2245 proscripto
1366 2174 1568 2224 terror
1598 2159 1835 2245 ubique
1862 2158 2097 2223 aderat.

539 2290 682 2356 Nec
711 2292 792 2356 de
819 2315 969 2380 rege
998 2294 1175 2381 queri
1205 2293 1397 2359 licuit.
1487 2297 1665 2360 Nam
1696 2305 1846 2360 tunc
1873 2299 2229 2361 adolescens

635 2433 929 2497 Credidit
955 2436 1086 2508 ille,
1118 2434 1346 2518 quibus
1372 2434 1646 2497 credidit
1666 2442 1817 2497 ante
1831 2442 2045 2517 pater.

544 2566 627 2630 In
651 2567 915 2652 patriam
947 2567 1136 2631 redeo
1166 2568 1379 2632 tutelae
1410 2591 1537 2633 non
1568 2568 1731 2632 bene
1760 2583 1986 2644 certus,

640 2701 767 2766 Sed
795 2701 969 2766 nullo
997 2703 1174 2789 potui
1206 2703 1398 2768 tutior
1427 2725 1559 2769 esse
1587 2703 1725 2769 loco
1742 2729 1763 2767 ·.

546 2839 780 2926 Frigus
808 2852 965 2922 erat,
992 2839 1106 2904 nix
1130 2838 1276 2917 alta,
1310 2863 1502 2905 senex
1523 2864 1663 2929 ego,
1697 2857 1918 2907 ventus
1946 2843 2245 2920 acerbus3

640 2976 847 3041 Vexat
874 2999 1073 3064 equus
1100 2991 1355 3042 sternax
1384 2992 1449 3043 et
1478 2979 1791 3045 salebrosa
1819 2980 1936 3046 via.

547 3110 920 3177 Londinum
950 3112 1224 3188 veniens,
1258 3135 1339 3176 ne
1368 3112 1529 3178 elam
1558 3114 1799 3178 venisse
1829 3100 2094 3191 viderer,-

645 3252 926 3314 Concilio
957 3253 1183 3314 Status
1210 3247 1637 3314 conciliandus
1666 3272 1863 3315 eram.

553 3383 708 3458 Quo
736 3382 918 3459 facto,
951 3385 1159 3448 statim
1189 3407 1434 3449 summa
1461 3409 1607 3451 cum
1628 3409 1782 3472 pace
1810 3385 2055 3463 recede,

650 3517 737 3583 Et
760 3519 847 3585 sic
876 3542 978 3583 me
1006 3520 1226 3585 studiis
1255 3522 1518 3609 applico,
1552 3537 1626 3587 ut
1649 3537 1817 3599 ante,
1849 3521 2024 3588 meis·

561 3653 786 3720 Solum
815 3655 1120 3742 regnabat
1150 3669 1298 3721 tunc
1331 3657 1584 3722 nomine
1611 3659 2159 3733 Parliamentum3

658 3790 901 3856 Praesul
929 3806 1065 3856 erat
1093 3792 1323 3868 nullus,
1360 3793 1896 3880 Presbyterusque
1924 3791 2105 3856 nihil.

562 3926 802 3993 Omnia
830 3927 1006 3992 mileo
1034 3944 1186 4006 erat,
1219 3929 1598 3994 committier
1626 3928 1840 3993 omnia
1866 3942 1932 3993 et
1959 3929 2071 3993 uni

654 4063 997 4142 Poscebat3
1042 4066 1227 4150 tacite
1259 4065 1587 4133 Cromwell
1624 4065 1674 4129 is
1705 4088 1866 4130 unus
1895 4079 2047 4130 erat.

447 4305 485 4366 ᾧ
520 4302 774 4366 Regicidae
795 4302 1026 4357 infamem
1061 4319 1267 4366 quorum
1288 4304 1368 4352 hic
1389 4304 1515 4368 apud
1539 4304 1800 4368 Hispanos,
1829 4303 1912 4351 ille
1943 4305 2070 4367 apud
2092 4304 2368 4353 Foederaton
2392 4301 2570 4366 Belgas

385 4413 417 4445 ι
437 4395 857 4445 Pan-limentana
874 4394 1081 4459 legatus,
1101 4412 1130 4443 a
1151 4395 1296 4458 regii·
1317 4395 1523 4444 confossi
1543 4395 1803 4458 perierunt.
