3182 5102
776 483 881 533 DE
923 479 1303 532 CORPORE
1341 479 1440 529 ET
1477 479 1971 530 AccmEN'rE.
2318 465 2411 529 95

347 678 514 728 eum
560 652 727 724 loco
783 660 971 738 tote,
1022 659 1099 721 et
1145 671 1317 744 pars
1375 671 1542 720 cum
1597 660 1809 744 parte
1865 647 2424 737 coextenditur;
2496 653 2670 766 ΡΑῙὲὃ
2710 653 2784 701 ¹1·

347 790 614 863 corpus
649 774 897 838 autem
932 763 1256 835 locatum
1286 786 1455 834 eum
1481 761 1798 834 solidum
1820 761 1941 850 sit,
1974 785 2141 833 eum
2171 786 2426 859 super·
2509 754 2756 824 n-ss-2

344 880 511 953 fieie
579 875 970 951 coextendi
1047 898 1198 946 non
1276 887 1391 946 est
1464 874 1976 970 intelligibile3
2064 889 2425 971 praeterea

349 990 718 1089 quomodo
752 987 1033 1060 moveri
1066 998 1315 1084 potest
1350 998 1593 1060 totum
1628 988 1927 1084 aliquod
1955 1012 2245 1084 eorpuS,
2281 993 2425 1066 nisi

350 1119 428 1179 et
461 1104 768 1201 singulae
799 1113 1051 1199 partes
1087 1100 1301 1173 simul
1336 1114 1773 1174 moveantur
1803 1100 1829 1171 ?
1882 1113 2012 1174 aut
2054 1106 2423 1198 quomodo

348 1232 598 1316 partes
665 1216 1053 1289 interiores
1121 1215 1401 1287 moveri
1452 1215 1597 1287 nisi
1643 1215 1889 1287 locum
1949 1215 2424 1313 relinquant?

353 1333 764 1427 relinquere
832 1339 1082 1401 autem
1160 1351 1333 1424 pars
1404 1327 1733 1423 corporis
1801 1327 2110 1400 interior
2173 1354 2427 1428 super-

352 1447 593 1520 ficiem
649 1442 1034 1517 exterioris
1091 1441 1230 1514 sibi
1285 1442 1655 1537 contiguae
1689 1464 1840 1513 non
1875 1453 2167 1536 potest;
2229 1444 2426 1517 unde

355 1560 708 1656 sequitur,
767 1556 829 1628 si
881 1554 1089 1628 locus
1126 1556 1223 1628 sit
1258 1555 1681 1652 superficies
1716 1553 2131 1646 ambientis,
2179 1570 2427 1654 partes

356 1677 511 1772 ejus
551 1671 748 1769 quod
780 1680 1144 1758 movetur,
1201 1668 1278 1740 id
1322 1680 1460 1755 est,
1515 1669 1593 1742 id
1627 1669 1827 1764 quod
1858 1681 2219 1760 movetur,
2276 1696 2428 1744 non

355 1811 660 1860 moverl.

456 1909 527 1972 6.
583 1897 916 1994 Spatium
975 1894 1160 1990 (sive
1214 1895 1452 1989 locus)
1514 1895 1714 1992 quod
1749 1919 1795 1967 a
1847 1919 2156 1991 corpore
2211 1920 2428 1970 occu·
2450 1912 2582 1964 Quid

358 2025 575 2111 patur
623 2010 955 2109 plenum,
1012 2008 1214 2103 quod
1266 2032 1416 2081 non
1479 2018 1885 2104 occupatur
1941 2033 2242 2081 vacuum
2302 2033 2431 2105 ap·
2450 1979 2738 2092 Ξὲθέαἶῗηω,

360 2126 703 2222 pellatur.

461 2242 531 2322 7.
584 2236 768 2323 Hic,
799 2233 989 2323 illic,
1013 2234 1089 2305 in
1111 2257 1331 2331 agra,
1358 2234 1434 2307 in
1468 2232 1674 2319 urbe,
1704 2245 1779 2307 et
1814 2233 2080 2306 similia
2112 2234 2434 2323 nomina,
2461 2232 2791 2347 ffigslsslificvuid

364 2351 625 2447 quibus
679 2346 1166 2443 respondetur
1222 2346 1317 2419 ad
1378 2347 1862 2442 quaestionem
1916 2346 2042 2418 ubi
2095 2357 2232 2436 est,
2286 2371 2437 2419 non
2462 2313 2748 2428 signifigaiit.

365 2465 590 2564 ipsius
624 2461 770 2535 loci
824 2459 1125 2533 nomina
1179 2471 1376 2549 sunt,
1436 2483 1575 2532 nee
1630 2484 1763 2556 per
1817 2483 1895 2532 se
1949 2472 2301 2533 revocant
2360 2460 2437 2532 in

367 2579 688 2652 animum
742 2574 989 2647 locum
1048 2573 1291 2669 ipsum
1346 2574 1473 2669 qui
1533 2574 1913 2669 quaeritur,
1967 2598 2140 2646 nam
2186 2574 2306 2646 hie
2363 2584 2440 2646 et

370 2692 531 2764 illic
564 2689 708 2762 nisi
743 2711 858 2760 res
895 2686 1129 2781 digito
1166 2686 1398 2759 aliave
1447 2710 1526 2760 re
1563 2688 1781 2760 simul
1813 2687 2203 2777 indicetur,
2257 2686 2442 2758 nihil

371 2804 821 2901 significant;
860 2799 1152 2896 quando
1165 2823 1341 2873 vero
1364 2799 1600 2896 digito
1621 2801 1738 2872 vel
1759 2801 1902 2873 alio
1925 2800 2168 2873 indice
2190 2800 2445 2872 oculus

373 2915 770 3014 quaerentis
838 2937 1091 2985 versus
1160 2937 1320 2985 rem
1390 2914 1777 3009 quaesitam
1859 2914 2227 3010 dirigitur,
2294 2937 2446 2985 non

373 3028 721 3102 definitur
779 3026 985 3099 locus
1054 3050 1099 3097 a
1160 3026 1680 3122 respondente,
1759 3027 1889 3100 sed
1960 3052 2005 3099 a
2071 3038 2447 3123 quaerente

373 3141 766 3215 invenitur.
871 3138 1502 3211 Monstrationum
1555 3152 1804 3213 autem
1857 3165 2023 3236 quae
2068 3164 2203 3237 per
2256 3139 2448 3212 solas

353 3278 592 3329 -voces
619 3255 832 3341 fiunt,
868 3265 954 3325 ut
989 3252 1282 3348 quando
1320 3253 1615 3343 dicitur,
1663 3255 1739 3327 in
1775 3278 1970 3351 agro
2007 3254 2121 3326 vel
2158 3255 2233 3325 in
2266 3251 2451 3325 urbe

378 3369 537 3441 aJiae
598 3366 760 3439 aliis
819 3365 1120 3438 latiores
1183 3378 1380 3455 sunt,
1440 3378 1525 3438 ut
1584 3367 1661 3438 in
1720 3390 1940 3464 agr0,
1993 3367 2068 3438 in
2112 3366 2319 3455 urbe,
2374 3365 2450 3436 in

378 3481 687 3579 regione
722 3477 951 3567 urbis,
991 3479 1066 3550 in
1101 3478 1335 3568 domn,
1367 3479 1442 3551 in
1479 3480 1838 3567 cubicula,
1874 3481 1949 3552 in
1987 3480 2178 3552 lecto
2202 3508 2230 3562 ;
2287 3503 2450 3576 quae

382 3594 676 3691 quidem
718 3592 1021 3688 propius
1058 3615 1345 3689 semper
1379 3592 1475 3665 ad
1526 3593 1771 3666 locum
1817 3592 2198 3689 proprium
2254 3617 2451 3689 quae-

382 3719 668 3781 rentem
701 3705 1056 3802 paulatim
1093 3705 1444 3801 dirigunt,
1471 3707 1716 3780 locum
1743 3718 1989 3779 tamen
2024 3730 2174 3779 non
2211 3706 2452 3778 deter-

384 3821 691 3907 minant,
714 3818 846 3890 sed
878 3830 1170 3891 tantum
1205 3818 1302 3891 ad
1330 3819 1649 3915 spatium
1676 3819 1950 3892 arctius
1971 3820 2451 3916 restringunt,

388 3933 948 4030 significantque
981 3930 1227 4004 locum
1262 3932 1369 4004 rei
1404 3956 1563 4005 esse
1598 3933 1797 4005 intra
1849 3933 2168 4028 spatium
2223 3933 2454 4028 quod-

388 4048 555 4120 dam
615 4045 758 4117 illis
791 4044 1034 4117 verbis
1097 4045 1583 4141 designatum,
1640 4057 1727 4118 ut
1783 4057 2072 4142 partem
2127 4046 2202 4118 in
2266 4058 2452 4119 toto,

391 4161 631 4255 Atque
663 4156 1085 4253 hujusmodi
1120 4159 1421 4231 nomina
1476 4160 1772 4255 (quibus
1825 4160 2313 4256 respondetur
2363 4160 2458 4232 ad

393 4271 872 4368 quaestionem
907 4270 1063 4361 ubi)
1104 4271 1382 4344 habent
1418 4273 1665 4344 omnia
1699 4296 1834 4368 pro
1871 4296 2153 4346 summo
2187 4297 2458 4370 genere

392 4408 643 4457 vocem
677 4383 871 4455 hanc
905 4381 1208 4456 alicubi.
1309 4383 1421 4455 Ex
1459 4408 1603 4480 quo
1638 4384 2076 4482 intelligitur
2109 4386 2461 4483 quicquid
