3182 5102
694 403 827 465 166
1268 415 1831 466 PmLosol’mA
1872 414 2156 466 PmMA·

340 591 536 703 PAR{
551 590 626 639 11·
682 595 841 656 tum
888 582 1145 654 circuli
1196 582 1832 672 circumferentiae,
1869 595 2028 656 tum
2075 582 2289 654 lineae
2332 590 2579 668 rectae,
2618 578 2758 651 sibi

346 727 632 761 κ-ή-ν
686 696 1002 768 invicem
1038 708 1471 791 congruent.

313 818 622 896 Cirp'ulorpm
794 818 903 882 13.
960 808 1424 881 Circulorum
1517 809 1898 906 perimetri
1987 820 2162 881 sunt
2241 807 2434 879 inter
2509 828 2587 877 se
2673 815 2760 876 ut

312 895 602 998 ξἰῗῗεωῖζῖυ
606 957 663 997 nt
686 921 1090 995 eorundem
1158 922 1707 995 semidiametri.
1847 922 2013 995 Sint
2085 920 2193 1013 (in
2260 920 2385 1016 fig.
2459 916 2531 1011 1)
2605 916 2754 989 (1110

314 1015 447 1062 Μ
452 1030 558 1063 “²¹¹¹
562 1015 639 1063 ¹¹¹
689 1035 944 1109 circuli
1017 1035 1434 1131 quicunque
1515 1036 1576 1107 B
1603 1036 1661 1107 C
1690 1036 1756 1107 D
1839 1037 2097 1131 major,
2173 1034 2235 1105 E
2271 1034 2327 1103 F
2362 1032 2426 1104 G
2492 1031 2758 1118 minor,

686 1150 1043 1223 habentes
1113 1160 1450 1221 centrum
1501 1173 1890 1222 commune
1943 1150 2051 1232 A;
2114 1171 2368 1221 eorum
2420 1143 2762 1217 semidia-

688 1264 905 1337 metri
941 1263 1091 1336 sint
1128 1263 1196 1334 A
1231 1262 1313 1351 C,
1367 1263 1427 1334 A
1468 1263 1573 1346 E;
1629 1262 1819 1351 dioc,
1867 1286 2087 1358 quam
2121 1260 2484 1333 rationem
2533 1257 2762 1330 habet

688 1376 1084 1474 perimeter
1162 1374 1223 1446 B
1262 1375 1321 1446 C
1353 1376 1419 1447 D
1500 1376 1595 1448 ad
1673 1376 2151 1472 perimetrum
2234 1374 2295 1445 E
2330 1373 2388 1443 F
2422 1372 2509 1461 G,
2588 1395 2762 1444 ean-

693 1490 860 1563 dem
893 1489 1164 1561 habere
1220 1487 1279 1559 C
1326 1489 1393 1560 A
1427 1490 1522 1562 ad
1559 1490 1624 1560 A
1660 1490 1743 1560 E.
1849 1488 2041 1560 Nam
2075 1486 2509 1583 magnitudo
2547 1484 2763 1557 semi-

693 1603 1220 1676 diametrorum
1273 1600 1333 1673 C
1368 1602 1458 1690 A,
1523 1602 1590 1674 A
1628 1602 1690 1673 E
1745 1601 2278 1674 determinatur
2311 1623 2358 1673 a
2390 1598 2762 1671 distantiis

688 1728 1132 1813 punctorum
1195 1715 1254 1787 C
1309 1727 1385 1787 et
1446 1716 1507 1787 E
1568 1740 1616 1787 a
1674 1726 1931 1788 centro
2002 1715 2092 1804 A,
2157 1738 2323 1809 quae
2392 1712 2762 1786 distantiae

690 1829 1175 1924 acquiruntur
1226 1841 1438 1901 motu
1497 1829 1846 1902 uniformi
1905 1828 2165 1926 puncti
2223 1827 2316 1900 ab
2372 1827 2439 1898 A
2500 1826 2594 1898 ad
2657 1824 2762 1907 C;

691 1941 799 2013 ita
856 1953 939 2013 ut
990 1941 1443 2036 temporibus
1492 1941 1893 2037 aequalibus
1956 1940 2327 2014 distantiae
2382 1938 2763 2033 acquisitae

694 2054 844 2126 sint
906 2053 1248 2149 aequaleS.
1381 2055 1527 2127 Sed
1586 2066 1664 2126 et
1717 2055 2096 2151 perimetri
2148 2054 2209 2125 B
2250 2054 2309 2126 C
2349 2054 2441 2142 D,
2480 2053 2542 2124 E
2595 2052 2651 2123 F
2701 2052 2765 2123 G

693 2167 1280 2240 determinantur
1307 2168 1399 2240 ab
1437 2168 1696 2241 iisdem
1732 2168 2103 2240 distantiis
2130 2179 2573 2264 punctorum
2604 2166 2663 2238 C
2689 2178 2767 2238 et

693 2280 754 2351 E
797 2280 890 2352 ab
927 2279 1187 2352 eodem
1223 2293 1480 2353 centro
1505 2280 1567 2352 A
1597 2312 1616 2364 ;
1651 2281 1930 2353 habent
1958 2281 2185 2377 igitur
2206 2292 2360 2353 tam
2387 2279 2765 2376 perimetri

693 2392 753 2464 B
794 2393 853 2464 C
895 2394 985 2481 D,
1089 2394 1148 2465 E
1185 2395 1241 2464 F
1277 2394 1341 2466 G
1435 2419 1657 2490 quam
1745 2394 2270 2468 semidiametri
2345 2394 2404 2466 C
2439 2394 2529 2480 A,
2609 2393 2676 2464 A
2704 2391 2763 2462 E

693 2506 1002 2579 eandem
1032 2530 1329 2581 causam
1358 2531 1526 2581 suas
1556 2507 2104 2604 magnitudines
2127 2507 2764 2594 determinantem,

691 2641 1001 2713 eamque
1056 2619 1281 2692 talem
1317 2644 1481 2715 quae
1517 2622 1974 2718 temporibus
2010 2621 2414 2716 aequalibus
2456 2619 2770 2715 aequalia

688 2731 916 2804 faciat
977 2732 1237 2827 spatia.
1344 2733 1534 2806 Sunt
1602 2735 1854 2830 itaque
1910 2735 2073 2832 (per
2133 2759 2293 2831 cap.
2345 2743 2458 2823 13,
2505 2746 2644 2806 art.
2680 2735 2761 2828 6)

692 2844 1133 2917 circulorum
1189 2845 1569 2942 perimetri
1626 2859 1702 2919 et
1763 2848 2287 2921 semidiametri
2348 2847 2766 2944 proportio-

691 2956 894 3030 nales
924 2989 943 3041 ;
998 2959 1198 3053 quod
1233 2971 1395 3031 erat
1426 2960 1912 3056 probandum.

288 3091 347 3138 1η
387 3090 509 3138 trian
449 3091 663 3153 angulis,
800 3079 911 3142 14.
969 3071 1047 3143 Si
1100 3072 1265 3145 duae
1299 3084 1523 3144 rectae
1564 3073 1917 3168 angulum
1952 3073 2490 3147 constituentes
2544 3072 2767 3146 rectis

284 3236 347 3283 p,
284 3164 464 3268 ’ἶηζῗῗ
461 3157 598 3269 ῗξζῗ
560 3237 665 3270 ,ω
693 3196 1040 3256 secentur
1090 3185 1481 3281 paralleliS,
1537 3197 1758 3258 erunt
1808 3186 2240 3282 interceptae
2282 3185 2649 3283 parallelae
2681 3197 2767 3258 ut

288 3285 609 3398 „ugeram-
692 3309 943 3393 partes
990 3298 1331 3371 abscissae
1384 3323 1430 3371 a
1479 3298 1781 3371 vertice.
1844 3299 2055 3372 Sint
2102 3300 2210 3392 (in
2259 3300 2382 3395 fig.
2422 3302 2499 3395 6)
2540 3311 2764 3372 rectae

285 3360 487 3464 ficum
404 3415 515 3463 ΗΜ
507 3366 642 3467 xrae·
691 3413 757 3482 A
797 3410 881 3499 Β,
934 3409 997 3486 A
1058 3411 1144 3500 C,
1212 3412 1752 3485 constituentes
1817 3414 2168 3509 angulum
2222 3414 2319 3486 ad
2373 3413 2463 3503 A,
2543 3425 2764 3487 sectae

696 3524 983 3596 duabus
1013 3524 1239 3597 rectis
1268 3524 1636 3621 parallelis
1662 3525 1723 3597 B
1760 3525 1843 3614 C,
1872 3526 1938 3597 D
1964 3526 2076 3610 E;
2135 3551 2299 3623 quae
2327 3526 2767 3600 abscindant

689 3661 735 3709 a
789 3636 1066 3710 vertice
1122 3637 1200 3709 in
1262 3638 1542 3711 utravis
1602 3650 1830 3728 recta,
1889 3651 2072 3736 puta
2127 3640 2206 3711 in
2273 3642 2340 3713 A
2371 3640 2456 3729 B,
2513 3652 2763 3737 partes

688 3751 757 3821 A
794 3750 879 3840 B,
916 3751 983 3822 A
1020 3751 1086 3822 D
1119 3783 1137 3834 ;
1199 3751 1365 3824 dico
1413 3752 1863 3849 interceptas
1901 3753 1962 3824 B
2000 3753 2087 3843 C,
2141 3755 2210 3826 D
2243 3755 2305 3826 E
2361 3779 2521 3828 esse
2571 3755 2765 3827 inter

689 3887 769 3936 se
819 3876 904 3937 ut
954 3865 1020 3936 A
1059 3864 1144 3953 B,
1182 3866 1249 3937 A
1286 3867 1375 3938 D.
1483 3867 1791 3939 Secetur
1819 3868 1885 3939 A
1923 3868 1984 3939 B
2035 3868 2114 3940 in
2167 3869 2460 3964 quotvis
2514 3881 2762 3966 partes

688 3979 1007 4073 aequales
1060 3980 1127 4051 A
1163 3980 1244 4068 F,
1299 3981 1357 4051 F
1391 3980 1482 4068 D,
1519 3981 1588 4052 D
1625 3981 1710 4069 B,
1749 3981 2261 4079 ducanturque
2301 4007 2435 4080 per
2468 3984 2526 4054 F
2560 3995 2637 4056 et
2671 3983 2761 4072 D,

688 4091 745 4161 F
783 4091 868 4181 G,
954 4092 1020 4163 D
1057 4092 1118 4163 E
1173 4092 1540 4188 parallelae
1590 4094 1752 4167 basi
1806 4094 1867 4166 B
1905 4095 1991 4184 C,
2069 4109 2402 4169 secantes
2454 4097 2518 4167 A
2550 4097 2609 4169 C
2685 4097 2762 4170 in

692 4203 756 4275 G
816 4216 892 4276 et
946 4205 1058 4288 E;
1130 4217 1207 4277 et
1266 4229 1518 4279 rursus
1587 4230 1721 4302 per
1785 4219 2064 4303 puncta
2124 4209 2209 4298 G,
2275 4210 2335 4280 E
2398 4210 2764 4282 ducantur

692 4315 852 4388 aliae
887 4330 1109 4390 rectae
1142 4319 1509 4414 parallelae
1561 4320 1701 4417 ipsi
1736 4322 1803 4393 A
1839 4322 1924 4411 B,
1989 4334 2321 4395 secantes
2359 4323 2420 4395 B
2458 4324 2517 4395 C
2569 4324 2650 4397 in
2688 4324 2760 4395 H

695 4443 771 4502 et
842 4431 898 4502 Ι.
1050 4431 1126 4504 Si
1190 4433 1344 4527 jam
1405 4446 1764 4529 punctum
1830 4437 1891 4507 A
1961 4436 2419 4533 intelligatur
2482 4436 2761 4512 moveri
