3182 5102
360 602 531 655 PARS
570 608 655 656 IV.

729 420 873 484 406
1574 434 1958 489 ΡΗΥΒῙΟΑ.

830 598 1043 672 Circa
1102 623 1448 673 sonorum
1507 613 1967 686 concentum,
2022 600 2632 675 considerandum
2686 613 2804 674 est

731 713 928 808 quod
973 713 1454 809 reciprocatio
1500 716 1651 788 sive
1685 716 1999 788 vibratio
2050 715 2261 802 aeriS,
2315 738 2408 787 ex
2451 738 2596 809 quo
2648 715 2803 785 effi-

729 827 921 899 citur
953 851 1196 915 sonu8‚
1247 840 1642 924 postquam
1692 829 1788 902 ad
1841 841 2274 926 tympanum
2326 827 2523 900 auris
2574 851 2804 923 appu·

559 946 587 977 ⁸
727 940 916 1030 lerit,
952 941 1128 1030 aeri,
1183 943 1308 1037 qui
1366 942 1441 1016 in
1491 943 1652 1039 ipso
1686 953 1800 1016 est
1825 943 2148 1015 inclusus
2197 941 2478 1037 ipsique
2530 963 2802 1037 conge-

728 1053 948 1143 nituS,
999 1055 1351 1152 imprimit
1382 1057 1869 1129 vibrationem
1905 1056 2239 1143 similem,
2293 1078 2384 1126 ex
2420 1077 2568 1151 qua
2597 1055 2684 1126 fit
2715 1066 2803 1126 ut

726 1167 957 1239 latera
1016 1169 1347 1264 tympani
1414 1169 1704 1242 interne
1787 1169 2292 1266 percutiantur
2357 1166 2797 1241 alternatim.

728 1280 1145 1354 Concentus
1208 1294 1458 1355 autem
1525 1284 1839 1356 duorum
1905 1306 2253 1356 sonorum
2312 1291 2448 1370 est,
2509 1281 2802 1375 quando

726 1404 1155 1490 tympanum
1208 1396 1460 1490 spatiis
1509 1407 1927 1491 temporum
1981 1394 2382 1490 aequalibus
2416 1404 2494 1466 et
2528 1394 2801 1467 crebris

726 1506 956 1579 ictum
990 1509 1082 1581 ab
1117 1520 1434 1604 utroque
1486 1521 1795 1583 sonante
1852 1508 2069 1581 simul
2122 1508 2413 1604 accipit.
2516 1507 2798 1603 Itaque,

727 1619 787 1692 si
822 1619 988 1693 duae
1033 1620 1330 1693 chordae
1373 1621 1819 1695 vibrationes
1865 1645 2034 1694 suas
2090 1622 2286 1693 inter
2338 1643 2416 1693 se
2469 1632 2804 1717 tempore

728 1734 1044 1828 aequales
1070 1734 1371 1822 habent,
1415 1733 1792 1832 (ἱσοχρόνες
1844 1734 2174 1826 vocant),
2227 1734 2356 1806 fiet
2407 1745 2804 1806 concentus

727 1846 1370 1941 exquisitissimus3
1423 1872 1596 1919 nam
1630 1847 1861 1920 latera
1894 1847 2249 1944 tympani,
2280 1847 2359 1919 id
2390 1858 2523 1936 est,
2546 1848 2802 1942 organi

729 1959 1099 2049 auditorii,
1134 1959 1308 2031 hinc
1345 1972 1421 2032 et
1454 1960 1627 2032 inde
1660 1960 2148 2057 pulsabuntur
2181 1959 2417 2032 simul.
2471 1958 2803 2056 Exempli

729 2096 972 2161 causa,
1009 2073 1072 2145 si
1092 2073 1387 2146 chordae
1421 2074 1489 2146 A
1513 2075 1599 2163 B,
1636 2074 1696 2146 C
1716 2073 1784 2146 D
1820 2072 2139 2171 aequales
2161 2071 2377 2145 simul
2394 2072 2801 2168 pulsentur,

728 2186 1303 2281 vibrationisque
1364 2185 1792 2259 latitudines
1848 2185 2164 2281 aequales
2223 2185 2568 2274 habeant,
2631 2186 2692 2257 E
2721 2187 2801 2273 F,

729 2298 912 2387 GH,
973 2310 1050 2370 et
1103 2298 1199 2370 sit
1253 2310 1530 2394 puncta
1586 2299 1672 2388 E,
1729 2298 1816 2387 G,
1878 2299 1958 2387 F,
2025 2298 2097 2370 H
2154 2298 2230 2369 in
2285 2298 2443 2393 ipsa
2475 2298 2803 2394 tympani

730 2434 1053 2484 concava
1086 2411 1495 2507 superficie,
1532 2411 1627 2483 ab
1661 2422 1974 2506 utraque
2009 2420 2259 2482 autem
2279 2410 2557 2484 chorda
2591 2410 2804 2482 simul

727 2523 1058 2620 pulsetur
1089 2534 1519 2621 tympanum
1569 2523 1648 2597 in
1682 2522 1743 2596 E
1780 2536 1856 2598 et
1892 2523 1979 2614 G,
2033 2534 2110 2596 et
2159 2545 2412 2596 rursus
2461 2524 2677 2598 simul
2727 2522 2803 2596 in

729 2638 787 2708 F
822 2647 900 2709 et
935 2638 1053 2710 H:
1107 2637 1290 2710 adeo
1350 2637 1493 2710 erit
1545 2637 1639 2709 ab
1694 2637 2077 2732 utriusque

730 2750 1023 2824 chordae
1056 2751 1469 2824 vibratione
1520 2773 1743 2823 sonus
1793 2750 2074 2840 similis,
2176 2706 2244 2879 AC
2643 2706 2704 2778 B

729 2875 816 2935 ut
846 2863 1077 2961 possit
1109 2864 1363 2937 haberi
1416 2886 1552 2959 pro
1588 2862 1890 2947 eodem;
1945 2863 2075 2959 qui
2282 2901 2345 2974 G
2469 2903 2530 2974 E
2639 2807 2704 2880 D

731 2989 841 3049 est
873 2990 1277 3050 concentus
1337 2976 1722 3062 maximuS,
1784 2988 1861 3048 et
1910 2976 2074 3048 uni-

731 3112 951 3162 sonus
1020 3090 1449 3186 appellatur.
1590 3087 1892 3178 RursuS,
1959 3112 2071 3162 re·
2558 3145 2625 3216 Κ

730 3212 953 3298 tenta·
980 3203 1273 3275 chordae
1306 3203 1374 3275 A
1397 3203 1458 3274 B
1494 3202 1903 3275 vibratione
1937 3225 2070 3298 per
2558 3278 2591 3350 Ι

729 3315 790 3386 E
818 3315 896 3404 F,
933 3315 1189 3388 eadem
1224 3339 1389 3411 quae
1422 3313 1624 3411 prius
1674 3325 1855 3404 erat,
1906 3326 2068 3387 ten-

732 3427 1090 3523 «iamque
1152 3427 1429 3501 chorda
1489 3427 1549 3500 c
1570 3427 1639 3500 n
1694 3426 1929 3500 donec
1961 3428 2067 3500 vi-
2555 3397 2615 3469 L

729 3541 966 3614 bratio
1036 3544 1192 3638 ejus
1267 3541 1490 3638 duplo
1570 3541 1892 3615 velocior
1974 3543 2068 3614 sit
2276 3607 2348 3679 H
2470 3608 2528 3681 F

731 3677 950 3748 quam
985 3667 1178 3744 ante,
1242 3666 1317 3727 et
1378 3654 1747 3728 dividatur
1784 3655 1846 3727 E
1869 3655 1925 3727 F
1955 3656 2066 3728 bi-

730 3764 989 3838 fariam
1025 3767 1102 3839 in
1142 3768 1200 3840 1.
1307 3766 1475 3841 Quo
1535 3779 1869 3863 tempore
1927 3791 2102 3865 ergo
2158 3770 2454 3844 chordae
2516 3772 2576 3844 C
2602 3773 2667 3846 D
2717 3776 2803 3848 fit

732 3879 1162 3953 vibrationis
1207 3903 1378 3976 pars
1412 3904 1560 3953 una
1593 3905 1639 3953 a
1673 3880 1737 3953 G
1769 3881 1866 3954 ad
1901 3882 1999 3971 H,
2055 3883 2312 3956 eodem
2353 3895 2684 3982 tempore
2716 3889 2802 3959 fit

738 4015 891 4064 una
943 4016 1113 4089 pars
1165 3992 1596 4066 vibrationis
1642 3993 1937 4067 chordae
1979 3995 2046 4067 A
2072 3995 2134 4068 B
2176 3996 2268 4068 ab
2310 3996 2372 4068 E
2415 3997 2514 4070 ad
2548 3999 2605 4071 1.
2705 4001 2802 4072 Et

731 4128 879 4199 quo
914 4118 1245 4203 tempore
1279 4106 1575 4181 chordae
1612 4106 1671 4179 C
1691 4107 1759 4180 D
1793 4107 1883 4179 fit
1915 4107 2148 4182 altera
2169 4132 2341 4205 pars
2372 4110 2801 4186 vibrationis

731 4229 1134 4293 retrorsum
1188 4220 1280 4292 ab
1339 4219 1411 4291 H
1479 4219 1576 4292 ad
1633 4219 1721 4309 G,
1776 4220 2035 4294 eodem
2086 4232 2415 4317 tempore
2469 4226 2801 4299 confecta

730 4330 874 4402 erit
906 4330 1335 4405 vibrationis
1386 4332 1684 4406 chordae
1728 4334 1795 4406 A
1822 4334 1884 4407 B
1926 4358 2097 4431 pars
2129 4335 2365 4409 altera
2397 4339 2490 4411 ab
2528 4339 2561 4411 1
2595 4340 2691 4412 ad
2717 4341 2796 4411 F.
