3182 5102
401 607 576 656 PARS
602 607 704 657 111.

511 674 572 720 23

752 418 895 483 296
1237 431 1343 484 nn
1375 433 1887 488 nummatis
1927 435 2314 487 Mo‘rmm.

755 601 1110 674 columnae
1195 601 1533 675 secundae
1623 627 1789 676 cum
1858 602 2118 676 ordine
2192 601 2654 675 trilineorum
2718 624 2813 674 ex

433 708 678 778 ³4—ae
749 713 1009 787 mediis
1045 726 1377 810 quatuor,
1422 715 1861 789 fractionem
1892 720 1958 806 ἢ,
2002 740 2166 811 quae
2218 715 2583 811 significat
2626 716 2814 811 figu-

375 2747 625 2798 Diameter

375 2813 628 2876 aequilibrii

756 851 915 899 ram
968 827 1164 900 illam
1227 851 1384 900 esse
1443 828 1538 901 ad
1605 830 2361 925 parallelogrammum
2420 852 2631 901 suum
2683 852 2815 900 seu

759 942 1067 1036 figuram
1103 942 1560 1036 completam,
1608 954 1692 1015 ut
1725 949 1766 1028 ξ
1801 943 1896 1016 ad
1933 943 2315 1031 unitatem,
2364 942 2504 1014 hoc
2548 955 2679 1029 est,
2727 952 2817 1012 ut

759 1058 803 1129 ἢ
835 1054 930 1126 ad
966 1058 1010 1130 {r
1055 1055 1206 1128 sive
1257 1067 1343 1127 ut
1400 1063 1442 1127 5
1496 1054 1590 1127 ad
1625 1058 1714 1137 7:
1769 1080 1994 1151 quare
2046 1066 2381 1128 centrum
2432 1052 2816 1148 aequilibrii

763 1169 917 1263 ejus
985 1192 1196 1240 axem
1256 1168 1363 1240 ita
1424 1168 1722 1258 dividet,
1790 1180 1877 1242 ut
1930 1192 2099 1264 pars
2158 1167 2254 1240 ad
2311 1166 2660 1239 verticem
2718 1165 2816 1238 ad

761 1281 1113 1376 reliquam
1148 1281 1244 1354 sit
1275 1293 1361 1354 ut
1399 1284 1444 1363 7
1480 1282 1577 1354 ad
1611 1290 1679 1354 5.

861 1393 1133 1466 Coroll.
1192 1417 1282 1466 11.
1364 1394 1765 1490 Cujuslibet
1830 1392 2203 1466 conoeidis
2263 1392 2478 1465 solidi
2536 1415 2814 1480 eorum,

762 1529 925 1602 quae
990 1508 1461 1580 continentur
1527 1506 1603 1579 in
1672 1506 1941 1579 tabella
2022 1506 2309 1579 articuli
2377 1514 2422 1578 8
2490 1504 2820 1601 ejusdem

761 1620 1017 1715 capitis
1069 1642 1281 1709 xvn,
1343 1619 1677 1692 similiter
1729 1619 1805 1691 in
1858 1619 2112 1691 eadem
2162 1618 2433 1691 tabella
2483 1628 2820 1690 centrum

760 1733 1144 1828 aequilibrii
1205 1733 1610 1806 exhibetur.
1737 1732 2070 1829 Exempli
2125 1733 2386 1829 gratia,
2448 1733 2511 1805 si
2565 1755 2819 1828 quaero

763 1857 1094 1919 centrum
1149 1846 1535 1942 aequilibrii
1604 1846 1793 1936 coni,
1862 1845 2155 1919 invenio
2224 1870 2489 1919 conum
2550 1869 2708 1919 esse
2764 1845 2821 1938 -ὲ-

762 1958 1094 2056 cylindri,
1194 1958 1503 2054 ideoque
1588 1970 1925 2032 centrum
2008 1959 2392 2056 aequilibrii
2473 1961 2628 2055 ejus
2713 1959 2822 2031 ita

761 2070 1085 2144 dividere
1111 2096 1346 2161 axem,
1380 2082 1465 2143 ut
1509 2094 1680 2166 pars
1731 2071 1828 2143 ad
1858 2070 2208 2144 verticem
2257 2072 2350 2144 sit
2384 2079 2453 2160 3,
2503 2095 2673 2166 pars
2721 2070 2821 2142 ad

757 2184 989 2258 basim
1032 2194 1094 2258 1.
1180 2186 1365 2257 Item
1400 2183 1827 2258 conoeidem
1863 2183 2135 2257 trilinei
2171 2209 2260 2257 ex
2292 2183 2534 2256 medio
2569 2183 2816 2272 unico,

756 2296 836 2369 id
865 2308 998 2386 est,
1037 2297 1464 2370 conoeidem
1497 2296 2013 2393 parabolicam,
2064 2297 2238 2392 quia
2269 2307 2380 2368 est
2414 2295 2724 2393 cylindri
2745 2311 2817 2388 {a

755 2409 834 2482 id
868 2422 1001 2500 est,
1038 2411 1108 2506 ὲ,
1143 2410 1445 2484 habebit
1492 2421 1822 2483 centrum
1856 2409 2243 2506 aequilibrii
2276 2410 2352 2481 in
2387 2433 2476 2482 eo
2510 2419 2817 2505 punem,

757 2522 954 2619 quod
987 2547 1198 2597 axem
1236 2524 1341 2597 ita
1393 2523 1677 2613 dividit,
1722 2534 1807 2596 ut
1848 2546 2017 2619 pars
2065 2521 2160 2596 ad
2192 2522 2541 2596 verticem
2592 2521 2818 2619 dupla

757 2637 854 2710 sit
885 2638 1112 2733 partis
1147 2637 1243 2711 ad
1273 2638 1528 2712 basim.

864 2759 974 2823 10.
1028 2751 1403 2823 Diameter
1469 2749 1853 2847 aequilibrii
1921 2749 2433 2845 complementi
2492 2747 2811 2822 semissis

373 2876 710 2955 complqmenti
754 2863 1009 2960 figurae
1045 2863 1433 2960 cujuslibet
1467 2888 1739 2952 earum,
1790 2888 1951 2959 quae
2000 2863 2367 2937 habentur
2416 2863 2494 2935 in
2543 2863 2815 2936 tabella

373 2942 586 2991 semissis
615 2958 696 2990 cu-

364 3007 565 3070 Juslibet
595 3007 695 3055 dic-

372 3081 530 3120 tat-um
572 3072 696 3134 figu-

370 3152 532 3186 rarum
546 3137 708 3185 defici·

372 3202 573 3259 entium,
588 3202 708 3249 divi-

371 3267 442 3314 dit
463 3283 569 3314 eam
587 3282 696 3328 quae

370 3346 456 3395 per
471 3331 696 3379 verticem

371 3396 563 3444 ducitur
597 3396 698 3444 basi

371 3461 613 3523 pai-allelu,
630 3470 678 3509 et

369 3525 583 3589 aqualis.

753 2976 1045 3049 articuli
1108 2986 1178 3065 3,
1265 2977 1524 3073 capitis
1585 3000 1797 3066 xvu,
1868 2977 2129 3050 dividit
2196 3001 2377 3067 eam,
2448 3001 2612 3072 quae
2677 3001 2813 3074 per

752 3090 1102 3163 verticem
1135 3091 1389 3186 figurae
1441 3091 1736 3164 ducitur
1772 3090 1930 3163 basi
1980 3091 2327 3186 parallela
2360 3103 2436 3163 et
2485 3091 2806 3187 aequaIiS‚

754 3202 858 3276 ita
889 3215 975 3276 ut
1005 3228 1176 3299 pars
1223 3204 1318 3277 ad
1352 3205 1702 3277 verticem
1737 3204 1834 3277 sit
1883 3203 1978 3276 ad
2009 3204 2390 3300 reliquam,
2439 3217 2526 3277 ut
2572 3205 2811 3301 figura

756 3317 1123 3412 completa
1154 3315 1249 3389 ad
1285 3317 1921 3413 complementum.

857 3431 970 3504 Sit
1006 3431 1201 3503 enim
1241 3430 1349 3524 (in
1383 3431 1505 3526 fig.
1544 3431 1797 3503 eadem
1834 3432 1910 3524 5)
1951 3430 2075 3502 ΑΙ
2100 3430 2158 3502 C
2181 3430 2240 3501 B
2286 3429 2604 3504 semissis
2657 3431 2808 3503 sive

755 3543 1119 3641 parabolae
1155 3542 1305 3615 sive
1338 3543 1634 3615 alterius
1667 3543 1939 3615 trilinei
1975 3544 2494 3639 cujuscunque,
2520 3544 2808 3617 tabellae

756 3656 1044 3729 articuli
1081 3664 1150 3744 3,
1187 3656 1448 3752 capitis
1484 3679 1696 3743 xvn,
1736 3656 2075 3729 habentis
2120 3681 2331 3729 axem
2363 3658 2431 3729 A
2455 3658 2539 3743 B,
2572 3658 2807 3731 basim

757 3770 818 3841 B
841 3769 922 3858 C,
959 3768 1074 3842 cui
1110 3793 1242 3864 per
1273 3769 1624 3841 verticem
1659 3768 1959 3864 aequalis
1993 3781 2069 3842 et
2105 3769 2452 3864 parallela
2485 3770 2581 3843 sit
2615 3772 2680 3842 A
2703 3772 2804 3855 D;

755 3895 830 3956 et
894 3885 1133 3979 figura
1199 3882 1561 3978 completa
1637 3882 2395 3978 parallelogrammum
2446 3883 2515 3955 A
2540 3883 2599 3954 B
2628 3882 2686 3954 C
2713 3883 2804 3956 D.

755 3998 1087 4070 Ducatur
1137 3997 1170 4067 Ι
1202 3995 1274 4070 Q
1316 4007 1713 4091 utcunque,
1774 3995 1903 4069 sed
1950 3996 2162 4069 lateri
2214 3996 2273 4068 C
2299 3998 2365 4069 D
2415 3997 2804 4092 parallela;

756 4110 1410 4205 complementique
1444 4110 1567 4182 ΑΙ
1591 4110 1651 4182 C
1672 4110 1739 4182 D
1783 4109 2094 4183 altitudo
2147 4109 2598 4207 intelligatur
2644 4134 2804 4184 esse

754 4224 821 4296 A
841 4224 930 4312 D,
968 4235 1043 4296 et
1076 4223 1470 4297 ordinatim
1515 4224 1879 4319 applicata
1929 4223 2001 4298 Q
2023 4224 2079 4294 Ι.
2181 4223 2441 4319 Itaque
2491 4222 2803 4297 altitudo

753 4337 821 4409 A
842 4338 922 4426 L,
975 4337 1053 4410 in
1093 4338 1330 4434 figura
1368 4337 1754 4410 deficiente
1791 4337 1914 4409 ΑΙ
1939 4337 1998 4410 C
2024 4338 2109 4425 B,
2162 4337 2461 4432 aequalis
2511 4348 2622 4410 est
2673 4336 2801 4411 ΘΙ
