3182 5102
956 492 1122 534 vrrffi
1157 492 1526 536 nomnium:
1558 495 1981 539 Aucumum.
2399 480 2562 547 xxiii

380 653 505 739 qui,
538 653 708 740 quod
740 655 807 717 in
839 677 1035 740 puero
1064 655 1346 722 docilitas
1378 672 1573 737 tanta,
1626 677 1865 748 quanta
1893 663 1959 725 in
1995 663 2171 727 nullo
2199 664 2322 729 alio
2352 681 2559 730 osten-

375 787 646 867 deretur,
694 806 762 854 et
791 791 977 856 simul
1023 793 1181 857 acris
1231 795 1424 858 animi
1467 810 1533 860 et
1582 800 1938 882 praestantis
1997 800 2235 886 ingenii
2291 801 2558 866 illustria

375 928 554 1015 signa
597 929 926 1015 perspicue
971 947 1397 1006 cernerentur,
1451 931 1629 996 illum
1660 935 1978 1021 praecipue
2009 936 2075 999 in
2106 937 2248 1000 sinu
2277 936 2453 1015 fovit,
2491 953 2555 1002 et

372 1086 559 1149 supra
587 1064 863 1152 aequales
894 1066 1179 1131 excolere
1207 1082 1272 1131 et
1302 1068 1562 1131 incitare
1594 1068 1810 1133 solitus
1841 1085 1953 1136 est.
2044 1071 2288 1137 Tantos
2317 1089 2552 1152 autem,

361 1200 494 1284 jam
522 1200 735 1265 adhuc
765 1202 832 1265 in
860 1201 1013 1266 ludo
1046 1202 1322 1267 literario
1351 1202 1609 1289 degens,
1660 1204 1727 1266 in
1762 1204 2091 1271 literatura
2136 1223 2266 1273 tam
2323 1210 2557 1276 Latina

369 1359 558 1423 quam
616 1338 846 1402 Graeca
896 1361 1256 1424 progressus
1306 1339 1471 1417 fecit,
1511 1355 1603 1419 ‚ut
1651 1340 1974 1428 Euripidis
2014 1347 2320 1412 AIedeam
2366 1347 2552 1410 simili

369 1488 571 1539 metro
606 1473 851 1539 Latinis
880 1475 1161 1539 versibus
1189 1475 1511 1563 eleganter
1540 1479 1937 1563 expresserit.

452 1611 654 1674 Anno
689 1615 871 1688 1603,
919 1610 1004 1675 ad
1052 1612 1527 1698 percipiendum
1574 1614 1929 1679 uberiorem
1984 1616 2221 1703 ingenii
2273 1618 2541 1696 cultum,

371 1746 701 1812 Oxonium
752 1748 972 1813 missus
1020 1763 1135 1825 aet,
1195 1750 1260 1813 in
1309 1750 1519 1815 aulam
1579 1751 1796 1816 Beatae
1845 1751 2074 1816 Mariae
2124 1752 2549 1839 Magdalenae,

367 1883 480 1948 sub
514 1883 829 1947 Praefecto
860 1897 1011 1949 tunc
1041 1884 1336 1971 temporis
1368 1884 1607 1950 Jacobo
1641 1886 1909 1963 Hussee,
1957 1887 2206 1974 Legum
2252 1888 2562 1975 Doctorp,

368 2035 584 2105 postea
610 2021 825 2108 equite
852 2035 1092 2099 aurate,
1141 2036 1207 2086 et
1256 2021 1649 2087 Cancellario
1705 2024 2179 2100 Sarisburiensi,
2234 2025 2547 2089 bonorum

368 2156 768 2243 ingeniorum
818 2156 1062 2221 fautore
1106 2179 1371 2221 summ0.
1464 2157 1635 2221 Eum
1664 2158 1754 2223 ibi
1786 2172 2140 2222 morantem
2180 2159 2234 2223 F
2234 2161 2550 2226 ranciscus

372 2290 688 2369 Hobbius,
719 2292 1084 2370 avunculus,
1123 2292 1598 2358 Malmesburiae
1631 2293 2072 2372 Aldermanus,
2105 2296 2244 2382 (qui
2266 2319 2550 2363 summus

368 2443 457 2491 est
501 2429 643 2513 ejus
691 2427 813 2493 loci
859 2429 1285 2516 magistratus)
1343 2430 1468 2493 suis
1512 2429 1808 2515 impensis
1860 2430 2035 2508 aluit,
2080 2432 2301 2519 quiet,
2333 2449 2551 2520 postea

367 2565 661 2641 moriens,
736 2564 1053 2629 modicum
1112 2563 1202 2628 illi
1260 2563 1530 2628 fundum
1590 2579 1964 2631 testamento
2022 2568 2274 2655 legavit.
2397 2570 2550 2635 Post

367 2699 856 2786 quadriennium
885 2715 1118 2777 autem,
1153 2701 1381 2765 usitato
1421 2701 1833 2789 philosophiae
1880 2727 2067 2769 cursu
2106 2706 2241 2791 jam
2272 2729 2546 2784 emenso,

364 2836 569 2922 gradu
599 2836 973 2914 academice,
1000 2860 1191 2924 quem
1217 2837 1772 2904 Baccalaureatum
1798 2840 2137 2927 appellant,
2159 2857 2418 2906 ornatus
2435 2858 2547 2907 est.

456 2977 644 3038 1608.
691 2972 946 3038 Interea
992 2973 1349 3040 Gulielmus
1406 2976 1784 3054 Cavendish,
1838 2977 2007 3042 Baro
2050 2978 2132 3042 de
2182 2978 2546 3056 Hardwick,

363 3131 435 3173 ac
471 3113 635 3194 (non
664 3109 865 3175 multo
893 3111 1061 3196 post)
1115 3111 1424 3176 Devoniae
1466 3114 1713 3191 Comes,
1758 3113 2034 3200 aliquem
2077 3114 2188 3201 qui
2235 3113 2347 3177 filii
2395 3130 2549 3179 natu

365 3245 632 3310 maximi
677 3246 885 3311 studia
913 3262 978 3312 et
1007 3269 1210 3312 mores
1256 3264 1524 3336 regeret,
1578 3249 1915 3337 diligenter
1966 3250 2376 3338 conquisivit3
2423 3276 2550 3340 qua

366 3383 434 3446 in
464 3406 540 3448 re
568 3384 772 3448 virum
816 3385 1000 3450 annis
1045 3408 1210 3471 pene
1252 3386 1581 3473 aequalem,
1633 3387 1918 3474 adeoque
1947 3387 2030 3452 ob
2060 3410 2306 3452 morum
2335 3389 2550 3453 simili-

364 3518 657 3583 tudinem
697 3521 1037 3606 gratiorem
1082 3521 1386 3599 futurum,
1422 3545 1614 3609 quam
1643 3537 1831 3586 aetate
1862 3537 1927 3586 et
1956 3523 2236 3587 moribus
2264 3547 2541 3610 gravem,

362 3660 757 3743 proeoptavit.
850 3660 1145 3725 Hobbius
1195 3661 1412 3748 itaque
1456 3662 1593 3747 jam
1636 3660 1933 3738 vicenniS,
1988 3660 2182 3725 literis
2229 3684 2548 3726 commen-

362 3792 610 3860 daticiis
654 3795 752 3860 J0.
789 3795 1182 3874 Wilkinsoni,
1234 3796 1423 3861 Aulae
1470 3796 1547 3861 B.
1585 3796 1991 3885 Magdalenae
2042 3813 2193 3863 tunc
2243 3798 2545 3885 praesidi8‚

360 3930 640 4017 adjutus»,
709 3931 859 3998 huic
906 3934 1153 3998 muneri
1206 3933 1501 3999 obeundo
1550 3933 1619 3996 in
1667 3933 1973 3998 illustrem
2026 3934 2197 3999 illam
2246 3935 2546 4000 familiam

360 4066 638 4133 adscitus
664 4085 777 4136 est.
871 4070 969 4136 Eo
998 4070 1118 4136 loci
1149 4070 1516 4137 nobilissimi
1561 4071 1814 4156 juvenis
1860 4070 2023 4136 latus
2068 4072 2317 4136 assiduo
2364 4073 2542 4150 texit,

363 4218 559 4292 atque
614 4206 858 4272 artibus
918 4222 1092 4271 tanto
1155 4229 1389 4294 genere
1445 4207 1675 4294 dignis,
1741 4208 2096 4295 quibusque
2153 4208 2409 4294 ingenia
2462 4207 2546 4271 ad

363 4363 616 4429 magnae
664 4343 943 4408 fortunae
994 4341 1234 4407 cultum
1285 4343 1662 4420 excitantur,
1719 4343 2025 4424 instituit3
2071 4366 2188 4408 nec
2231 4342 2432 4407 solum
2478 4342 2543 4404 in

365 4479 587 4546 studiis
613 4479 1031 4566 gravioribuS,
1052 4479 1162 4545 sed
1191 4481 1380 4547 etiam
1414 4480 1478 4544 in
1498 4481 1848 4558 venatione,
1870 4481 2158 4565 aucupio,
2179 4479 2546 4561 caeterisque
