3182 5102
768 447 912 512 396
1560 465 1944 517 Pursch.

386 629 561 745 ΡΛΒΞξ
589 633 675 683 ¹V·
864 630 1069 702 Sicut
1134 630 1341 721 visio,
1404 633 1507 705 ita
1571 646 1646 705 et
1713 633 1990 706 auditio
2058 658 2104 706 a
2168 646 2374 706 motu
2439 647 2841 729 generatur

401 733 684 804 „442
762 743 1007 832 medii,
1075 744 1206 817 sed
1271 746 1741 820 dissimiliter.
1844 747 2045 820 Visio
2116 748 2312 819 enim
2366 771 2412 818 a
2463 748 2839 842 pressione

761 869 898 945 est,
934 856 1012 928 id
1045 869 1178 946 est,
1209 883 1255 930 a
1288 870 1579 949 conatu,
1631 861 1708 933 in
1755 884 1901 957 quo
1950 871 2222 933 conatu
2271 884 2422 933 non
2476 861 2563 932 fit
2605 861 2837 955 partis

759 969 983 1041 medii
1016 970 1231 1043 ullius
1277 973 1689 1068 progressio
1731 973 2268 1069 perceptibilis;
2323 972 2456 1046 sed
2487 997 2655 1068 pars
2693 974 2838 1045 alia

760 1082 976 1155 aliam
1030 1107 1300 1179 urgens
1370 1085 1520 1157 sive
1587 1085 1890 1158 trudens
1958 1086 2322 1158 actionem
2378 1086 2680 1159 tandem
2734 1086 2834 1159 ad

762 1196 1165 1292 quamlibet
1242 1197 1667 1270 distantiam
1744 1199 2148 1273 successive
2214 1210 2599 1294 propagat.
2730 1201 2834 1272 At

760 1310 983 1383 medii
1020 1323 1287 1401 motuS,
1324 1336 1417 1385 ex
1451 1337 1598 1408 quo
1635 1323 1924 1386 creatur
1958 1337 2204 1400 sonuS,
2248 1313 2623 1408 percussio
2677 1326 2833 1395 est;

758 1425 953 1498 auris
1020 1427 1215 1499 enim
1280 1437 1734 1523 tympanum,
1803 1425 2004 1521 quod
2063 1449 2421 1521 organum
2482 1425 2832 1498 audiendi

756 1538 1074 1634 primum
1140 1553 1274 1629 est,
1342 1539 1416 1612 in
1478 1538 1853 1612 auditione
1918 1540 2347 1635 percutitur.
2463 1539 2831 1612 Concusso

755 1658 1104 1752 tympano
1164 1657 1583 1730 concutitur
1652 1657 1872 1729 etiam
1938 1656 2235 1728 meninx
2296 1668 2573 1745 tenera,
2627 1667 2702 1728 et
2751 1657 2828 1729 in

758 1769 988 1865 ipsam
1022 1770 1315 1843 insertae
1348 1770 1660 1859 arteriae,
1697 1781 1772 1842 et
1806 1770 1911 1842 sic
1945 1781 2353 1865 propagata
2396 1769 2684 1843 actione
2732 1771 2828 1842 ad

757 1883 997 1978 ipsum
1032 1907 1182 1972 cor,
1217 1908 1263 1956 a
1296 1883 1666 1955 reactione
1703 1881 1945 1954 cordis
1989 1881 2077 1953 fit
2115 1881 2574 1977 phantasma,
2611 1906 2828 1977 quem

759 2019 1020 2069 sonum
1055 1996 1385 2086 dicimus,
1417 2008 1493 2069 et
1530 2008 1922 2093 propterea
1968 1994 2166 2090 quod
2218 1995 2494 2068 reactio
2547 2007 2829 2069 extror-

759 2133 920 2182 sum
955 2110 1216 2200 tendit,
1249 2122 1595 2205 putamus
1633 2133 1791 2182 esse
1827 2119 2055 2181 extra.

416 2224 733 2299 G‘ffduumiss
857 2233 927 2296 2.
984 2224 1353 2298 Quoniam
1387 2236 1635 2297 autem
1667 2248 1821 2296 non
1854 2222 2073 2295 modo
2099 2233 2339 2295 motus
2366 2236 2572 2295 motu
2599 2224 2828 2318 majo-

756 2360 914 2409 rem
955 2336 1297 2431 producit
1340 2338 1682 2410 effectum
1731 2336 1962 2431 magis
2013 2335 2226 2407 velox
2277 2335 2518 2407 minus
2567 2336 2827 2421 veloci,

757 2449 888 2522 sed
931 2449 1153 2521 etiam
1201 2449 1457 2522 eadem
1504 2448 1897 2522 velocitate
1947 2448 2184 2544 majus
2235 2471 2499 2543 corpus
2549 2449 2828 2521 minore

757 2588 1087 2660 corpore,
1122 2576 1438 2661 utroque
1470 2564 1692 2637 modo
1727 2565 1961 2659 major
1995 2563 2348 2636 efficietur
2381 2587 2629 2637 sonuS.
2730 2566 2830 2638 Et

758 2678 930 2774 quia
989 2701 1226 2773 neque
1280 2677 1359 2750 in
1426 2675 1933 2773 magnitudine
1999 2698 2241 2771 neque
2306 2674 2384 2748 in
2437 2675 2826 2749 velocitate

757 2790 976 2863 datur
1009 2790 1389 2863 minimum
1424 2800 1553 2862 aut
1585 2789 2007 2876 maximum,
2054 2788 2214 2860 fieri
2252 2798 2498 2884 potest
2540 2800 2698 2861 tum
2742 2804 2826 2863 ut

757 2916 1000 2977 motus
1045 2905 1153 2977 ita
1201 2905 1508 3000 exiguus
1544 2903 1662 2993 sit,
1710 2902 1827 2975 vel
1874 2913 2027 2974 tam
2061 2901 2306 2997 exigui
2342 2903 2690 2998 corporiS,
2741 2916 2827 2976 ut

755 3019 1036 3091 nullum
1085 3019 1351 3093 efficiat
1401 3042 1688 3106 sonum,
1747 3028 1905 3089 tum
1955 3026 2039 3087 ut
2089 3015 2197 3087 ita
2237 3039 2545 3111 magnus
2599 3016 2694 3089 sit
2742 3029 2827 3089 ut

753 3132 1159 3204 sensorium
1192 3130 1467 3204 laedens
1502 3129 1863 3204 sentiendi
1895 3128 2321 3201 facultatem
2355 3128 2582 3201 tollat.

852 3244 1235 3340 Apparent
1293 3242 1465 3316 inde
1527 3242 1727 3315 circa
1777 3265 2124 3314 sonorum
2177 3239 2684 3314 fortitudinem
2750 3255 2826 3315 et

752 3351 1204 3431 debilitatem
1238 3380 1474 3429 causae
1514 3354 1892 3450 possibiles
1938 3355 2478 3449 phaenomenffin
2515 3379 2820 3450 sequen-

746 3473 958 3546 tium.
1072 3474 1408 3548 Quorum
1475 3472 1792 3567 primum
1869 3482 2006 3558 est,
2077 3467 2275 3566 quod
2344 3470 2404 3542 si
2472 3471 2633 3566 quis
2692 3496 2825 3566 per

745 3586 1008 3659 tubum
1029 3587 1392 3682 loquatur,
1420 3586 1628 3681 cujus
1649 3608 1797 3656 una
1829 3583 2249 3657 extremitas
2278 3583 2389 3656 ori
2415 3608 2570 3674 su0,
2593 3585 2825 3657 altera

747 3699 1116 3773 audientis
1175 3698 1334 3771 auri
1403 3697 1835 3794 applicetur,
1902 3695 2164 3769 fortior
2229 3697 2532 3769 accedet
2597 3722 2819 3771 sonus

744 3835 965 3908 quam
997 3834 1130 3907 per
1161 3822 1494 3906 apertum
1529 3834 1795 3883 aerem.
1901 3807 2125 3905 Cujus
2161 3833 2381 3882 causa
2418 3834 2568 3883 non
2603 3811 2820 3884 modo

743 3926 1137 4022 possibiIiS,
1186 3924 1318 3998 sed
1351 3925 1574 3998 etiam
1626 3935 1828 3996 certa
1867 3934 1943 3995 et
1994 3921 2381 3996 manifesta
2431 3935 2566 4012 est,
2622 3925 2819 4020 quod

743 4063 871 4112 aer
905 4040 997 4111 ab
1033 4038 1274 4110 efflato
1309 4036 1542 4110 halitu
1573 4036 1811 4132 primo
1841 4046 2249 4108 commotus
2284 4047 2361 4108 et
2394 4061 2526 4132 per
2559 4039 2816 4110 tubum

744 4152 1028 4225 delatus
1082 4175 1234 4223 non
1285 4149 1743 4238 diffunditur,
1786 4160 1870 4221 ut
1916 4148 1991 4220 in
2034 4160 2288 4245 aperto
2338 4174 2531 4241 aere,
2582 4164 2654 4224 et
2687 4175 2820 4247 per

744 4288 1196 4361 consequens
1222 4263 1315 4336 ad
1344 4287 1594 4336 aurem
1624 4262 1924 4358 appellit
1945 4262 2199 4335 eadem
2226 4261 2384 4335 fere
2403 4263 2814 4350 velocitate,

744 4400 892 4472 qua
924 4377 1447 4472 exspirabatur.
1554 4376 1655 4447 At
1687 4375 1764 4446 in
1800 4399 1967 4447 aere
2008 4386 2261 4472 aperto
2298 4376 2511 4449 aliter
2543 4377 2652 4466 fit,
2686 4376 2815 4448 ubi
