3182 5102
1031 473 1138 524 DE
1177 472 1764 525 PmLosomnA.
2386 458 2432 522 3

455 650 796 724 Secundo
832 674 999 724 cum
1043 652 1520 748 Experientia
1566 651 1751 724 nihil
1805 649 2005 722 aliud
2059 649 2156 722 sit
2209 671 2429 744 quam
2524 670 2706 720 PARS
2733 670 2775 721 1.

351 765 750 849 memoria;
838 766 1238 839 Prudentia
1318 779 1569 839 autem
1639 765 1790 837 sive
1857 775 2293 861 prospectus
2351 762 2431 835 in
2529 738 2775 840 κ-ζ--κ

352 878 708 968 futurum,
771 878 970 951 aliud
1034 903 1186 953 non
1253 879 1351 952 sit
1419 902 1641 975 quam
1708 877 2123 975 expectatio
2182 899 2432 949 rerum

353 991 702 1065 similium
751 992 841 1065 iis
886 992 1105 1066 rebus
1148 1016 1330 1089 quas
1370 994 1528 1089 jam
1579 993 1863 1088 experti
1927 1014 2219 1074 sumus3
2291 1013 2431 1063 nec

353 1104 823 1200 prudentiam
858 1106 1157 1202 quidem
1188 1105 1729 1203 philosophiam
1775 1129 1935 1179 esse
1982 1103 2431 1178 censendum

355 1231 493 1291 est.

456 1331 593 1404 Per
658 1332 1300 1406 ratiocinationem
1361 1343 1613 1405 autem
1659 1330 1995 1427 intelligo
2048 1339 2431 1426 computa-

355 1442 657 1517 tionem.
797 1445 1244 1542 Computare
1315 1469 1491 1519 vero
1577 1456 1692 1517 est
1764 1442 2104 1541 pluriam
2181 1466 2431 1515 rerum

353 1557 579 1630 simul
609 1556 1044 1632 additarum
1078 1562 1424 1633 summam
1459 1557 1852 1655 colligere,
1888 1557 2008 1630 vel
2032 1582 2177 1630 una
2213 1581 2300 1629 re
2334 1553 2430 1627 ab

353 1668 518 1743 alia
553 1670 929 1761 detracta,
982 1697 1438 1771 cognoscere
1485 1671 1886 1745 residuum.
1976 1668 2433 1745 Ratiocinari

352 1783 584 1880 igitur
637 1784 832 1858 idem
869 1798 981 1859 est
1033 1786 1232 1882 quod
1266 1786 1555 1860 addere
1589 1799 1668 1859 et
1701 1785 2169 1875 subtrahere,
2203 1783 2322 1858 vel
2370 1782 2433 1854 si

354 1897 520 1993 quis
580 1898 939 1996 adjungat
991 1899 1106 1972 his
1158 1899 1671 1996 multiplicare
1723 1910 1800 1972 et
1851 1898 2217 1987 dividere,
2279 1918 2433 1969 non

352 2009 696 2101 abnuam,
719 2036 889 2085 cum
922 2010 1455 2111 multiplicatio
1478 2013 1674 2086 idem
1696 2012 1794 2085 sit
1814 2011 2015 2109 quod
2042 2011 2434 2107 aequalium

352 2122 678 2214 additio,
756 2124 1031 2198 divisio
1127 2126 1328 2222 quod
1414 2126 1807 2222 aequalium
1865 2125 2188 2221 quoties
2270 2123 2433 2196 fieri

350 2248 604 2333 potest
668 2238 1153 2313 substractio.
1283 2239 1577 2313 Recidit
1642 2239 1896 2335 itaque
1962 2238 2432 2312 ratiocinatio

353 2352 596 2424 omnis
636 2351 735 2424 ad
785 2352 968 2427 duas
1016 2353 1481 2450 operationes
1529 2352 1779 2441 animi,
1836 2351 2296 2425 additionem
2359 2363 2434 2424 et

352 2463 997 2540 substractionem.

455 2588 526 2653 3.
583 2579 976 2655 Quomodo
1036 2593 1282 2654 autem
1343 2582 1616 2671 animo,
1685 2580 1844 2654 sine
1909 2580 2153 2655 verbis
2208 2580 2436 2653 tacita
2461 2610 2648 2687 Anipni·
2736 2675 2748 2687 ·

354 2693 808 2787 cogitatione
889 2695 1398 2768 ratiocinando
1479 2694 1752 2768 addere
1822 2705 1900 2768 et
1966 2693 2435 2769 substrahere
2462 2676 2796 2725 mmmmm·

354 2806 673 2880 solemus
707 2830 857 2880 uno
893 2819 1024 2880 aut
1058 2808 1291 2882 altero
1328 2807 1664 2905 exemplo
1719 2807 2260 2881 ostendendum
2296 2819 2430 2881 est.

357 2920 438 2993 Si
474 2921 640 3017 quis
685 2945 863 3018 ergo
899 2946 941 2994 e
992 2921 1397 3019 longinquo
1455 2922 1734 3019 aliquid
1789 2923 2100 2996 obscure
2159 2921 2432 3011 videat,

355 3033 498 3107 etsi
556 3034 762 3107 nulla
823 3035 973 3108 sint
1039 3035 1386 3132 imposita
1450 3037 1832 3127 vocabula,
1900 3037 2127 3109 habet
2185 3048 2435 3109 tamen

356 3148 515 3243 ejus
569 3147 680 3220 rei
734 3147 978 3221 ideam
1031 3148 1343 3222 eandem
1406 3161 1716 3246 propter
1780 3173 2002 3246 quam
2070 3148 2433 3245 impositis

355 3283 555 3332 nunc
587 3261 964 3335 vocabulis
1001 3261 1181 3335 dicit
1216 3287 1379 3335 eam
1413 3284 1573 3336 rem
1625 3287 1784 3337 esse
1819 3288 2120 3360 eorpus.
2224 3262 2435 3335 Post-

356 3397 579 3469 quam
611 3385 861 3447 autem
895 3376 1197 3472 propius
1231 3376 1649 3466 accesserit,
1683 3375 2098 3472 videritque
2127 3374 2435 3448 eandem

355 3508 515 3559 rem
575 3499 781 3561 certo
841 3486 1161 3584 quodam
1215 3489 1436 3563 modo
1485 3513 1686 3562 nunc
1720 3512 1894 3579 uno,
1945 3512 2142 3562 nunc
2176 3488 2320 3562 alio
2357 3488 2433 3561 in

354 3599 522 3673 loco
557 3623 740 3690 esse,
775 3601 1079 3675 habebit
1126 3603 1454 3699 ejusdem
1498 3602 1741 3675 ideam
1793 3626 2085 3691 novam,
2128 3614 2436 3699 propter

357 3736 577 3808 quam
611 3737 810 3788 nunc
844 3716 1066 3788 talem
1100 3739 1259 3789 rem
1291 3717 1696 3789 animatam
1730 3728 1971 3789 vocat.
2053 3716 2432 3791 Postremo

356 3850 524 3899 cum
558 3838 764 3900 stans
815 3829 891 3900 in
943 3828 1279 3925 proximo
1330 3831 1644 3927 figuram
1683 3831 1841 3926 ejus
1866 3829 2139 3919 videat,
2175 3854 2433 3903 vocem

357 3940 631 4030 audiat,
667 3941 993 4038 aliasque
1028 3966 1146 4016 res
1167 3967 1334 4039 quae
1359 3944 1572 4039 signa
1600 3954 1774 4016 sunt
1795 3943 2014 4015 animi
2052 3943 2432 4018 rationalis

357 4054 775 4150 perspiciat,
837 4056 1065 4130 habet
1119 4080 1414 4153 quoque
1466 4056 1712 4129 ideam
1769 4056 2089 4146 tertiam,
2145 4055 2431 4131 etiamsi

357 4188 626 4240 nomen
661 4170 819 4264 ejus
853 4169 1138 4242 nullum
1170 4170 1412 4243 adhuc
1464 4169 1735 4254 fuerit3
1791 4170 2099 4244 eandem
2147 4170 2430 4245 scilicet

357 4291 663 4377 propter
744 4305 967 4379 quam
1055 4283 1364 4356 dicimus
1437 4283 1718 4379 aliquid
1800 4307 1959 4358 esse
2026 4284 2426 4359 rationale.

359 4390 692 4490 Denique
729 4396 1024 4494 quando
1061 4407 1298 4471 totam
1329 4420 1487 4471 rem
1517 4408 1607 4472 ut
1636 4421 1861 4472 unam
1905 4399 2122 4495 plene
2147 4400 2303 4494 jam
2354 4410 2432 4471 et

2099 4535 2147 4584 B
2183 4521 2229 4585 2
