3182 5102
612 477 784 541 xlviii
1206 497 1372 541 vx'rAE
1407 496 1774 542 nonnunae
1807 495 2223 541 Anci-mmm.

612 665 876 750 quisque
921 663 1189 727 maxime
1230 662 1450 749 gloriae
1493 661 1702 726 studio
1745 661 2108 745 duceretur)
2142 684 2274 726 sese
2318 660 2533 725 debito
2576 658 2778 724 laudis

610 800 944 887 praeconio,
979 800 1162 865 unica
1203 799 1447 864 virtutis
1486 797 1793 875 mercede,
1826 796 2178 884 spoliatum,
2209 811 2274 861 et
2315 820 2428 884 per
2469 818 2778 860 summam

614 936 999 1022 injustitiam,
1047 936 1287 1000 nomini
1331 960 1443 1001 suo
1495 936 1804 1022 insignem
1850 936 1934 1000 ad
1983 951 2259 1022 posteros
2307 937 2580 999 inustam
2629 956 2782 999 con-

616 1072 955 1150 tumeliam,
1014 1095 1142 1136 non
1188 1071 1616 1137 dissimulavit.
1705 1072 1814 1137 Ad
1864 1073 2101 1161 regiam
2147 1074 2336 1137 etiam
2387 1073 2778 1158 majestatem

613 1232 790 1274 suam
819 1209 1044 1274 detulit
1086 1209 1559 1296 querimoniam,
1593 1232 1736 1296 quae
1781 1209 1898 1295 ipsi
1941 1209 2201 1274 liberam
2244 1223 2464 1273 contra
2491 1207 2783 1272 adversa-

617 1346 853 1409 riorum
927 1345 1266 1410 calumnias
1322 1346 1417 1410 sui
1469 1345 1914 1423 defensionem,
1992 1368 2108 1432 pro
2182 1345 2362 1410 solita
2428 1344 2779 1421 clementia,

618 1481 894 1546 indulsit.
982 1481 1197 1556 Quare
1216 1481 1540 1568 epistolam
1563 1481 2011 1568 apologeticam
2033 1480 2116 1545 ad
2146 1481 2499 1546 Antonium
2517 1503 2557 1544 a
2583 1479 2782 1544 Wood

619 1617 849 1696 datam,
904 1618 1068 1683 circa
1108 1617 1360 1682 comitia
1404 1616 1792 1682 Oxoniensia
1831 1617 1982 1682 anni
2033 1618 2197 1683 1674
2241 1615 2601 1702 publicavit,
2636 1639 2782 1703 quae

621 1754 687 1816 in
715 1753 884 1818 hunc
914 1753 1171 1817 modum
1199 1775 1265 1817 se
1293 1752 1532 1817 habuit.

625 2021 943 2065 Ems'roLA
974 2020 1233 2064 ⁰1·quAE
1261 2019 1540 2074 nonnas,
1586 2017 2252 2074 MALMEsBumnnsls,
2286 2018 2375 2061 An
2410 2016 2781 2061 AN'romtm

711 2159 751 2201 A
782 2157 999 2213 woon,
1028 2135 1378 2200 Authorem
1411 2133 1716 2198 Historiae
1739 2146 1804 2196 et
1836 2132 2305 2218 Antiquitatum
2344 2133 2784 2198 Universitatis

712 2273 925 2338 Oxon.
959 2271 1290 2335 inserenda
1318 2269 1400 2334 ad
1428 2293 1489 2356 p.
1513 2273 1661 2345 376,
1694 2267 1803 2332 lib.
1824 2267 1886 2334 ii.
1917 2268 2198 2353 ejusdem
2230 2268 2527 2335 historiae.

713 2444 754 2475 “
775 2434 1209 2499 Eruditissime
1239 2433 1534 2510 Domine,
1566 2432 1846 2520 mihique
1883 2433 2269 2511 amicissime,
2296 2433 2594 2498 indicavit
2632 2433 2787 2498 mihi

626 2574 860 2638 amicus
918 2586 1127 2636 noster
1183 2571 1529 2635 communis
1608 2569 1668 2634 J.
1703 2570 1782 2633 A.
1835 2592 1909 2634 ea
1982 2592 2124 2657 quae
2183 2571 2246 2633 in
2321 2570 2481 2635 libro
2541 2587 2649 2636 tuo
2706 2573 2790 2637 de

629 2708 1132 2795 Antiquitatibus
1153 2707 1513 2772 Academiae
1535 2707 1910 2772 Oxoniensis
1929 2706 2171 2770 addidit
2201 2721 2266 2771 et
2287 2707 2516 2772 delevit
2546 2708 2788 2773 Doctor

626 2844 944 2909 Johannes
970 2841 1125 2919 Fen,
1151 2842 1446 2906 Decanus
1478 2841 1955 2909 AEdis-Christi.
1987 2842 2051 2904 in
2082 2865 2157 2905 ea
2183 2857 2379 2928 parte,
2412 2865 2555 2929 quae
2584 2858 2680 2907 est
2707 2844 2790 2909 de

631 2980 780 3044 Vita
808 3001 963 3043 mea.
1055 2977 1391 3056 Nimirum,
1421 2979 1529 3043 ubi
1559 2979 1710 3042 mihi
1745 2994 1812 3043 tu
1836 2979 2158 3065 ingenium
2181 2979 2471 3043 attribuis
2488 2983 2783 3058 sobrium,

629 3116 752 3193 ille,
785 3114 989 3180 deleto
1027 3117 1245 3191 εοόνὶο,
1286 3114 1606 3179 substituit
1648 3121 1801 3181 acri.
1891 3114 2082 3189 Quod
2129 3114 2380 3201 quidem
2428 3114 2533 3179 ille
2577 3116 2790 3180 animo

632 3251 932 3316 malevolo
974 3273 1089 3337 pro
1132 3251 1409 3315 convicio
1452 3250 1676 3336 posuit.
1768 3251 2136 3315 Convicium
2169 3265 2375 3315 tamen
2408 3273 2535 3314 non
2579 3267 2690 3328 est,
2724 3264 2788 3315 et

632 3387 810 3453 facile
839 3388 983 3452 ferri
1016 3401 1236 3473 potest.
2618 3482 2624 3488 ὁ

718 3531 759 3564 “
787 3523 1050 3599 Rursus,
1103 3522 1209 3586 ubi
1265 3535 1330 3585 tu
1403 3521 1726 3585 Marinum
1793 3521 2203 3586 Mersennum
2260 3522 2533 3608 appellas
2582 3528 2787 3589 virum

632 3665 978 3745 optimum5
1026 3657 1149 3733 ille,
1199 3657 1406 3721 nescio
1454 3679 1580 3743 qua
1625 3656 1878 3733 invidia,
1929 3658 2120 3722 verba
2169 3657 2277 3722 illa
2321 3658 2567 3724 delevit.
2660 3656 2789 3722 Sed

631 3792 1007 3858 contumelia
1036 3792 1151 3856 ista
1180 3814 1304 3856 non
1336 3792 1417 3856 ad
1439 3814 1541 3855 me
1568 3792 1856 3877 pertinet.

722 3934 758 3969 “
790 3929 1029 4004 Terti0‚
1062 3929 1170 3993 ubi
1218 3943 1285 3993 tu
1316 3930 1663 4015 scripseras,
1696 3934 1974 3996 libellum
2001 3937 2254 4016 scripsit
2283 3935 2360 3997 de
2394 3934 2560 4007 Cive,
2593 3931 2792 3995 inter-

632 4067 838 4154 posuit
856 4064 959 4129 ille
978 4066 1139 4129 inter
1169 4067 1441 4132 libellum
1467 4080 1530 4129 et
1552 4069 1631 4131 de
1665 4068 1833 4141 Cive,
1853 4068 2036 4132 rebus
2050 4070 2504 4151 permiscendis
2520 4079 2740 4134 natum
2762 4095 2785 4139 ,-

635 4220 707 4270 ut
727 4219 905 4279 esset,
932 4205 1206 4268 libellum
1227 4208 1492 4287 scripsit,
1524 4206 1709 4269 rebus
1732 4207 2182 4287 per-miscendis
2208 4214 2453 4278 natum,
2486 4205 2566 4268 de
2592 4204 2741 4268 Cive
2760 4231 2787 4275 ‚0

635 4339 821 4429 quod·
848 4339 937 4403 ita
979 4335 1299 4401 manifeste
1343 4335 1565 4400 falsum
1609 4352 1722 4415 est,
1759 4351 1826 4402 ut
1868 4360 2082 4401 eorum
2130 4336 2237 4425 qui
2290 4338 2584 4423 temporis
2623 4336 2788 4401 illius

634 4476 919 4543 notitiam
950 4471 1579 4561 'quantulamcunque
1624 4473 1975 4550 habuerint,
2009 4496 2192 4538 nemo
2236 4473 2413 4537 illum
2457 4488 2566 4537 aut
2608 4473 2788 4560 igno-
