3182 5102
730 431 874 497 338
1577 446 1959 499 PHYSICA.

352 618 530 732 ΡΛΙέἓ
566 619 653 667 IV·
824 623 894 687 2.
950 611 1060 685 De
1107 611 1382 686 mundo
1432 624 1794 709 praeterea
1853 614 2085 709 quaeri
2146 614 2353 703 solet,
2417 639 2512 687 an
2546 627 2798 711 partes

358 754 642 787 »νγ-ν
725 727 880 822 ejus
908 726 1013 799 ita
1039 725 1179 799 sibi
1212 727 1527 800 invicem
1562 728 1930 824 contiguae
1965 728 2135 818 sint,
2172 740 2256 801 ut
2287 752 2381 801 ne
2409 728 2798 803 minimum

302 823 694 937 ξξτξξῗζὲυζῖζ
727 838 1023 936 quidem
1075 840 1469 913 admittant
1516 841 1991 915 interstitium
2050 842 2413 915 vacuum?
2491 843 2586 914 Et
2647 842 2799 914 dis-

302 954 492 1001 ¹³¹¹¹¹¹²¹¹¹
514 969 633 1002 ⁸⁸⁵0·
723 965 1027 1050 putatur
1060 954 1138 1026 in
1171 966 1557 1051 utramque
1591 968 1877 1051 partem
1912 956 2088 1028 satis
2123 955 2621 1052 probabiliter.
2677 954 2800 1029 Ad

724 1065 1131 1139 tollendum
1150 1091 1464 1139 vacuum
1485 1068 1786 1141 unicum
1811 1068 2173 1141 adducam
2193 1069 2799 1164 experimentum,

727 1179 904 1252 satis
961 1180 1243 1267 tritum,
1305 1192 1654 1269 attamen,
1712 1192 1798 1254 ut
1856 1182 2037 1254 mihi
2071 1182 2385 1270 videtur,
2437 1181 2800 1254 validissi-

728 1318 951 1366 mum.
1056 1293 1167 1365 Sit
1222 1317 1398 1389 ergo
1454 1294 1561 1389 (in
1607 1295 1732 1390 fig.
1778 1293 1848 1388 l)
1887 1294 2149 1390 hydria
2199 1296 2269 1368 A
2296 1295 2381 1384 B,
2439 1294 2634 1390 quali
2697 1295 2808 1367 uti

729 1407 967 1481 solent
1020 1407 1117 1480 ad
1150 1407 1495 1503 rigandos
1527 1409 1782 1481 hortos
1816 1408 2230 1491 hortulani;
2286 1411 2493 1504 cujus
2527 1406 2804 1480 fundus

730 1522 792 1595 B
858 1521 1189 1617 pluribus
1254 1533 1593 1617 pertusus
1656 1523 1750 1594 sit
1815 1521 2312 1606 foraminulis3
2390 1522 2805 1615 habeatque

730 1635 1081 1724 osculum,
1139 1634 1339 1731 quod
1391 1636 1647 1732 digito,
1700 1660 1869 1709 cum
1937 1660 2118 1731 opus
2178 1634 2424 1724 fuerit,
2481 1632 2812 1707 obturari

730 1749 983 1845 possit,
1045 1748 1122 1820 in
1181 1748 1274 1820 A.
1379 1748 1458 1820 Si
1511 1751 1667 1844 Jam
1718 1749 1981 1845 hydria
2031 1748 2176 1837 illa,
2230 1748 2568 1821 obturato
2601 1747 2809 1843 prius

732 1861 1090 1934 foramine
1124 1859 1220 1933 ad
1253 1861 1344 1950 A,
1401 1884 1593 1956 aqua
1637 1862 2027 1957 impleatur
2072 1861 2644 1957 invertaturque,
2695 1884 2808 1948 ea,

736 1974 1028 2048 occluso
1096 1974 1368 2063 osculO,
1446 1998 1582 2070 per
1664 1975 1947 2047 nullum
2031 1999 2284 2047 eorum
2365 1974 2812 2047 foraminum

736 2088 981 2160 effluet
1014 2111 1179 2183 quae
1213 2097 1385 2159 sunt
1418 2086 1496 2159 in
1529 2086 1758 2159 fundo
1796 2088 1856 2158 B
1891 2119 1908 2172 ;
1962 2098 2206 2161 amoto
2257 2099 2502 2160 autem
2554 2086 2812 2181 digit0,

735 2211 820 2273 ut
852 2224 978 2273 aer
1013 2223 1325 2295 superne
1365 2200 1845 2295 ingrediatur,
1895 2224 2029 2296 per
2071 2202 2360 2284 omnia;
2413 2222 2813 2295 rursusque

736 2313 1083 2410 applicito
1152 2311 1406 2409 digito,
1467 2313 1685 2385 simul
1745 2326 1820 2387 et
1887 2314 2125 2386 subito
2193 2315 2431 2387 omnis
2493 2314 2811 2387 sistetur.

740 2427 965 2521 Cujus
998 2426 1105 2499 rei
1140 2450 1362 2499 causa
1394 2427 1538 2499 alia
1585 2451 1738 2499 non
1788 2427 2078 2500 videtur
2131 2452 2310 2517 esse,
2360 2451 2580 2523 quam
2616 2425 2816 2523 quod

737 2565 929 2637 aqua
962 2549 1230 2614 conatu
1267 2564 1397 2613 suo
1445 2539 1540 2613 ad
1583 2539 2018 2625 descensum
2051 2541 2368 2615 naturali
2403 2542 2816 2637 subjectum

736 2677 982 2728 aerem
1037 2651 1306 2748 pellere
1358 2662 1528 2725 ante
1565 2676 1642 2725 se
1676 2678 1826 2726 non
1860 2664 2146 2749 potest;
2198 2664 2585 2750 propterea
2619 2652 2818 2748 quod

738 2767 941 2840 locus
996 2765 1239 2838 nullus
1297 2766 1393 2839 sit
1455 2790 1600 2863 quo
1660 2766 1915 2862 pulsus
1971 2790 2050 2839 se
2117 2768 2444 2863 recipiat,
2500 2766 2642 2839 nisi
2698 2765 2817 2837 vel

738 2879 1080 2976 pellendo
1149 2903 1392 2951 aerem
1468 2879 1791 2952 vicinum
1860 2881 1990 2953 fiat
2050 2892 2356 2952 conatus
2423 2880 2817 2953 continuus

738 3016 972 3089 usque
1008 2991 1104 3064 ad
1135 2991 1466 3064 foramen
1502 2993 1593 3081 A,
1642 2992 1888 3088 ibique
1936 3016 2062 3065 aer
2103 2993 2181 3065 in
2214 2992 2551 3089 hydriam
2590 2993 2819 3064 intret

741 3116 960 3200 atque
994 3127 1204 3199 aquae
1239 3104 1582 3177 succedat
1641 3104 2014 3193 defluenti,
2065 3104 2183 3177 vel
2237 3129 2443 3200 aquae
2480 3103 2819 3176 deorsum

742 3216 1042 3291 conanti
1077 3216 1485 3290 resistendo
1513 3241 1646 3313 per
1681 3218 1915 3314 ipsam
1948 3241 2215 3312 aquam
2248 3227 2595 3291 transeat.
2671 3215 2821 3289 Sed

740 3331 1084 3427 primum,
1146 3328 1505 3403 foramine
1573 3331 1642 3402 A
1698 3331 2098 3420 obstructo,
2167 3331 2612 3427 impossibile
2682 3342 2817 3403 est.

745 3443 1007 3538 Neque
1041 3452 1284 3515 autem
1322 3442 1726 3515 secundum
1758 3443 1918 3515 fieri
1962 3452 2231 3539 potest,
2284 3444 2426 3516 nisi
2458 3443 2823 3516 foramina

742 3554 848 3627 ita
880 3578 1151 3651 magna
1168 3554 1315 3627 sint
1339 3565 1424 3627 ut
1448 3555 1772 3651 pondere
1794 3555 2150 3628 effluentis
2172 3580 2384 3652 aquae
2405 3579 2536 3652 per
2563 3554 2820 3628 eadem

742 3667 1107 3741 foramina
1159 3680 1235 3741 et
1295 3667 1552 3741 eodem
1607 3678 1935 3763 tempore
1971 3692 2096 3740 aer
2129 3669 2205 3741 in
2240 3669 2578 3765 hydriam
2620 3693 2821 3742 com-

743 3781 1101 3876 pellatur;
1156 3804 1243 3852 eo
1280 3780 1524 3878 modo,
1582 3804 1727 3876 quo
1771 3782 1861 3852 fit
1922 3779 2216 3877 quando
2267 3782 2644 3855 vasculum
2693 3782 2824 3854 ali-

747 3893 966 3989 quod,
1005 3894 1122 3965 cui
1159 3917 1241 3966 os
1275 3894 1652 3988 aliquanto
1687 3894 1922 3967 laxius
1950 3906 2083 3984 est,
2120 3895 2581 3969 effundendae
2610 3919 2822 3991 aquae

746 4030 968 4078 causa
1019 4007 1261 4078 subito
1312 4007 1785 4090 invertimus;
1849 4017 2028 4080 tunc
2083 4008 2277 4081 enim
2338 4033 2464 4082 aer
2522 4019 2822 4081 coactus

747 4144 957 4216 aquae
1016 4120 1366 4215 pondere,
1421 4144 1554 4216 per
1610 4121 1870 4193 orificii
1926 4121 2615 4209 circumferentiam,
2671 4132 2823 4194 tes-

749 4243 953 4305 tante
988 4233 1148 4328 ipsa
1182 4234 1601 4328 sigultiente
1659 4247 1733 4307 et
1777 4236 2155 4309 restitante
2207 4260 2422 4330 aqua,
2458 4235 2533 4307 in
2567 4258 2828 4307 vascu-

743 4343 898 4416 lum
954 4348 1391 4441 penetrabit.
1507 4348 1816 4443 Signum
1870 4373 2045 4446 ergo
2107 4349 2287 4422 mihi
2344 4348 2824 4445 plenitudinis
