3182 5102
985 441 1092 491 nx
1133 441 1362 492 Moru
1404 441 1875 493 cmanAnx.
2328 429 2471 495 263

402 605 857 693 remotiores,
894 629 1064 679 suos
1117 607 1429 680 circulos
1474 608 1860 680 absolvant
1892 608 1972 680 in
2015 607 2468 704 temporibus
2510 618 2812 733 PAR283111·

403 741 568 813 quae
596 731 767 792 sunt
801 719 877 791 in
914 743 1003 793 ea
1028 720 1223 793 inter
1257 743 1335 794 se
1370 721 1680 809 ratione,
1714 745 1932 817 quam
1963 720 2240 796 habent
2274 720 2468 795 inter
2539 718 2786 791 ω-Ἶ-’ω

403 854 481 903 se
516 831 836 926 ipsarum
871 857 916 906 a
948 845 1292 907 movente
1349 834 1742 908 distantiae.
1846 834 2211 908 Punctum
2273 834 2469 907 enim

400 944 789 1018 ambientis
841 946 1243 1042 quodlibet,
1298 947 1472 1020 dum
1523 971 1790 1044 corpus
1851 971 1897 1019 a
1948 972 2095 1045 quo
2155 947 2468 1020 circum-

399 1054 636 1129 fertur
663 1058 1057 1155 contingit,
1092 1083 1242 1132 una
1276 1084 1444 1133 cum
1498 1061 1659 1156 ipso
1723 1060 2322 1150 circumducitur,
2363 1073 2462 1151 et,

398 1169 541 1243 nisi
592 1182 949 1266 quantum
996 1185 1302 1270 propter
1349 1197 1724 1247 excessum
1780 1172 2035 1247 circuli
2082 1173 2465 1247 exterioris

400 1305 616 1379 super
694 1283 1119 1358 interiorem
1185 1311 1232 1359 a
1298 1298 1517 1383 turgo
1595 1286 2060 1383 relinquitur,
2151 1285 2466 1361 eundem

396 1396 676 1471 faceret
741 1398 1118 1472 circulum.
1242 1401 1362 1473 Ita
1426 1412 1509 1473 ut
1577 1399 1640 1472 si
1708 1410 2163 1496 supponatur
2228 1399 2306 1472 in
2374 1423 2463 1473 eo

397 1509 700 1606 liquido,
770 1511 969 1607 quod
1028 1513 1353 1585 moventi
1420 1512 1833 1609 proximum
1900 1525 2036 1601 est,
2105 1513 2463 1587 fluctuare

399 1623 674 1720 aliquid
706 1648 858 1697 non
883 1624 1268 1723 liquidum,
1305 1626 1865 1699 circumferetur
1900 1625 2082 1698 illud
2114 1650 2263 1698 una
2296 1650 2464 1699 cum

399 1736 982 1812 circumferente.
1105 1738 1497 1835 Liquidum
1563 1750 1813 1812 autem
1876 1738 2079 1835 quod
2134 1763 2284 1811 non
2353 1751 2467 1812 est

397 1851 835 1947 proximum,
899 1851 1051 1941 sed,
1111 1864 1198 1925 ut
1251 1852 1359 1926 ita
1414 1854 1698 1949 loquar,
1766 1875 1956 1949 pene
2023 1851 2463 1948 proximum,

400 1975 681 2038 motum
734 1989 946 2038 suum
998 1965 1269 2062 accipit
1321 1991 1368 2039 a
1423 1961 1785 2063 proximO,
1843 1965 1966 2061 qui
2022 1967 2255 2061 major
2307 1988 2466 2040 esse

399 2102 548 2151 non
582 2089 853 2174 potest,
905 2102 1124 2175 quam
1177 2080 1303 2176 qui
1354 2092 1466 2154 est
1519 2080 1599 2153 in
1647 2078 1892 2153 dante.
1996 2078 2245 2152 Faciet
2286 2102 2464 2175 ergo

400 2191 658 2265 eodem
719 2203 1049 2288 tempore
1109 2193 1402 2277 lineam,
1459 2192 1891 2266 circularem
1953 2190 2272 2287 quidem,
2334 2191 2465 2265 sed

399 2326 548 2377 non
594 2303 1075 2401 perimetrum
1130 2305 1518 2403 integram,
1576 2305 1712 2379 sed
1758 2304 2110 2402 aequalem
2160 2305 2467 2402 integrae

398 2416 795 2512 perimetro
841 2419 1205 2492 moventis
1259 2419 1521 2493 intimi.
1626 2420 1888 2516 Itaque
1937 2442 2083 2515 quo
2135 2430 2465 2515 tempore

400 2554 700 2604 movens
744 2530 1094 2605 describit
1146 2557 1359 2605 suum
1407 2531 1786 2621 circulum,
1842 2531 1919 2606 id
1972 2531 2172 2628 quod
2225 2531 2465 2628 ipsum

400 2666 550 2715 non
579 2643 966 2740 contingit,
1001 2668 1150 2717 non
1188 2645 1558 2719 describet
1604 2669 1840 2734 suum,
1878 2645 2008 2719 sed
2041 2669 2292 2719 arcum
2325 2645 2461 2735 sui,

401 2755 542 2829 toti
609 2756 803 2829 illius
863 2757 1261 2853 perimetro
1329 2760 1709 2855 aequalem.
1831 2758 2106 2832 Eadem
2176 2758 2465 2831 ratione

401 2881 669 2942 caetera
713 2880 992 2966 puncta
1038 2872 1440 2945 remotiora
1492 2870 1911 2946 describent
1970 2871 2229 2945 eodem
2281 2883 2468 2944 tem-

399 3006 579 3081 pore
630 3007 930 3056 suorum
988 2983 1430 3057 circulorum
1479 2996 1727 3081 partes
1789 2984 2134 3080 singulaS,
2193 2984 2467 3058 circulo

402 3096 764 3169 moventis
800 3095 1092 3193 integro
1129 3098 1470 3195 aequaleS,
1516 3110 1596 3172 et
1642 3121 1776 3193 per
1823 3120 2275 3194 consequens
2327 3098 2473 3171 oir-

401 3208 603 3281 culos
650 3232 820 3283 suos
856 3208 1208 3306 integros,
1237 3211 1314 3283 in
1366 3211 1820 3307 temporibus
1880 3233 2044 3306 quae
2104 3223 2278 3283 sunt
2321 3211 2470 3285 dis-

402 3321 656 3394 tantiis
692 3319 841 3393 suis
875 3344 921 3392 a
968 3334 1316 3396 movente
1366 3323 2006 3420 proportionales:
2061 3324 2259 3419 quod
2310 3337 2470 3398 erat

403 3433 961 3507 ostendendum.

503 3557 571 3620 5.
621 3547 899 3633 Tertio,
926 3547 1117 3622 idem
1152 3561 1397 3622 motus
1430 3548 1737 3645 simplex
1774 3549 2101 3645 corporis
2133 3549 2358 3645 positi
2389 3550 2469 3622 in
2493 3549 2663 3663 ἒξῡέῐῑ·
2680 3551 2889 3665 ’ξξψῑθῑ

402 3660 642 3733 medio
675 3657 977 3757 liquido,
1008 3684 1098 3732 ea
1130 3684 1295 3756 quae
1329 3661 1405 3733 in
1436 3660 1696 3734 eodem
1729 3660 2009 3757 liquido
2035 3661 2471 3735 naturaliter
2492 3626 2891 3745 geffffitcossssr'ss]

401 3774 787 3858 fluctuant,
858 3771 1220 3869 siquidem
1296 3773 1755 3869 homogenea
1821 3774 1993 3862 sint,
2062 3787 2469 3871 congregat
2492 3755 2575 3808 ‘³⁸‘
2593 3746 2890 3810 ¹²⁰¹¹¹⁰⁸‘¹³⁶⁸

403 3886 555 3959 sive
588 3886 668 3958 in
712 3908 944 3957 unum
993 3885 1238 3959 locum
1291 3886 1531 3983 cogit3
1584 3886 1697 3958 sin
1750 3886 2244 3983 heterogenea
2293 3888 2467 3979 sint,

403 4010 695 4095 separat
760 4009 839 4071 et
906 3997 1233 4096 dissipat.
1340 3999 1561 4074 Quod
1629 3999 1689 4072 si
1758 4000 2251 4097 heterogenea
2314 4025 2467 4075 non

400 4115 760 4186 fluctuent
795 4110 926 4184 sed
959 4112 1285 4205 sedeant,
1320 4113 1516 4187 idem
1549 4124 1793 4187 motus
1839 4136 1930 4186 ea
1978 4115 2467 4190 commovebit

403 4238 479 4298 et
513 4223 937 4299 confundet.

502 4338 687 4410 Cum
739 4334 937 4409 enim
991 4359 1303 4433 corpora
1354 4337 1546 4411 inter
1604 4361 1682 4410 se
1736 4337 2139 4428 dissimilia,
2197 4340 2273 4413 id
2325 4353 2458 4430 est,
