3182 5102
838 493 946 544 DE
984 495 1307 547 cEN‘rno
1344 496 1869 555 AEommnnn.
2256 478 2398 546 299

347 659 659 732 ducatur
693 659 926 733 donec
962 673 1302 736 occurrat
1334 674 1558 735 rectae
1595 659 1785 735 FG
1764 687 1845 736 m
1881 661 1955 733 S.
2057 663 2190 734 Est
2223 685 2401 757 ergo
2457 668 2633 781 PAR}
2651 666 2755 716 ¹1¹·

346 774 515 846 RM
570 773 665 846 ad
722 774 878 847 MS
936 785 1097 848 ut4
1138 776 1337 865 adl,
1382 775 1460 848 id
1493 787 1629 864 est,
1677 787 1764 847 ut
1794 776 2033 871 figura
2079 774 2402 848 ABCD
2471 803 2754 838 2-w—-2

346 887 441 960 ad
485 887 1099 983 complementum
1144 912 1355 961 suum
1406 889 1468 960 B
1492 888 1552 961 C
1573 887 1640 960 D
1660 889 1746 961 E.
1846 889 2104 961 Totius
2157 899 2405 961 autem
2461 872 2715 1000 ἓξηξῖζζζ

345 1002 414 1075 Α
436 1002 497 1074 Β
523 1001 584 1073 Ε
611 1000 677 1073 Ι)
747 1013 1082 1074 centrum
1149 1014 1263 1074 est
1330 1001 1436 1074 M.
1548 1001 1718 1074 Jam
1779 1001 1952 1099 quia
2033 999 2405 1074 distantiae
2463 1018 2608 1051 mm·
2609 1002 2691 1062 ⁸1⁸»
2714 1002 2805 1049 &⁰-

347 1115 414 1187 R
448 1126 524 1187 et
561 1113 611 1186 S
656 1137 701 1185 a
738 1125 992 1187 centro
1030 1115 1111 1187 M
1147 1124 1319 1187 sunt
1359 1115 1437 1187 in
1478 1115 1858 1211 reciproca
1889 1115 2176 1188 ratione
2227 1136 2409 1211 pon-

350 1228 546 1301 deris
631 1227 1148 1324 complementi
1226 1229 1285 1301 B
1308 1227 1366 1301 C
1387 1227 1453 1300 D
1475 1229 1536 1301 E
1621 1229 1717 1302 ad
1799 1228 2088 1326 pondus
2154 1228 2409 1323 figurae

354 1343 422 1415 A
445 1342 504 1414 B
529 1341 587 1413 C
616 1340 706 1428 D,
777 1352 992 1413 erunt
1063 1341 1130 1413 R
1195 1352 1271 1412 et
1337 1341 1387 1413 S
1465 1341 1628 1437 ipsa
1696 1353 1951 1414 centra
2026 1338 2412 1436 aequilibrii

349 1457 748 1550 figurarum
796 1477 1114 1543 suarum,
1169 1454 1286 1526 vel
1341 1466 1560 1550 erunt
1623 1467 1879 1528 centra
1930 1453 2057 1527 illa
2122 1454 2200 1526 in
2251 1451 2411 1524 aliis

352 1567 650 1665 punctis
712 1567 1237 1640 diametrorum
1305 1568 1695 1664 aequilibrii
1755 1568 1912 1657 HI,
1982 1567 2143 1641 FG.
2267 1565 2415 1638 Sed

350 1681 714 1777 posterius
762 1693 877 1754 est
917 1681 1385 1779 impossibile.
1490 1682 1685 1755 Nam
1736 1706 1870 1779 per
1925 1691 2283 1777 punctum
2328 1678 2411 1750 M

353 1794 496 1867 alia
550 1805 757 1866 recta
815 1794 1210 1866 terminata
1262 1793 1338 1866 in
1386 1795 1610 1868 rectis
1656 1796 1728 1867 H
1755 1795 1813 1883 Ι,
1851 1795 1907 1866 F
1927 1795 1991 1868 G
2043 1792 2211 1866 duci
2260 1816 2412 1865 non

352 1918 599 2002 potest
633 1907 710 1980 in
744 1907 1030 1979 ratione
1081 1907 1162 1979 M
1186 1907 1253 1979 R
1280 1906 1376 1979 ad
1430 1907 1513 1979 M
1536 1908 1612 1997 S,
1648 1908 1790 1981 hoc
1824 1919 1960 1997 est,
2012 1907 2089 1979 in
2126 1905 2411 1979 ratione

354 2022 609 2116 figurae
652 2021 720 2092 A
743 2020 802 2092 B
826 2020 884 2092 C
913 2019 980 2091 D
1033 2018 1129 2091 ad
1169 2042 1380 2091 suum
1417 2021 2029 2116 complementum
2073 2019 2408 2093 BCDE.

356 2133 709 2205 Centrum
775 2155 953 2227 ergo
1013 2131 1408 2227 aequilibrii
1475 2134 1731 2229 figurae
1798 2134 1867 2207 A
1890 2135 1949 2207 B
1973 2134 2120 2207 OD
2174 2143 2286 2205 est
2335 2132 2412 2205 in

355 2258 630 2343 puncto
682 2246 755 2318 S.
862 2245 1231 2320 Quoniam
1269 2257 1519 2318 autem
1564 2257 1697 2336 est,
1753 2256 1838 2319 ut
1892 2247 1959 2319 R
1986 2247 2042 2318 P
2096 2245 2191 2318 ad
2255 2245 2416 2319 RQ

355 2361 463 2434 ita
510 2360 668 2432 PM
709 2358 809 2431 ad
855 2358 1025 2448 QS,
1071 2359 1213 2431 erit
1249 2360 1392 2434 QS
1435 2359 1757 2455 partium
1794 2370 1862 2450 5,
1901 2384 2205 2456 quarum
2256 2358 2414 2430 PM

359 2487 474 2547 est
506 2483 578 2563 4,
630 2472 708 2545 id
760 2482 896 2562 est,
934 2494 1241 2568 quarum
1293 2471 1426 2545 IN
1465 2486 1578 2546 est
1615 2483 1681 2546 4.
1790 2473 2119 2548 Quarum
2169 2482 2417 2544 autem

357 2588 674 2687 partium
725 2587 870 2658 ΕΒ
919 2586 1071 2658 sive
1125 2586 1265 2659 FG
1318 2599 1431 2660 est
1464 2595 1535 2675 6,
1572 2611 1824 2659 earum
1871 2587 2005 2659 IN
2052 2587 2201 2659 sive
2258 2585 2415 2657 PM

360 2712 475 2774 est
509 2710 579 2773 2.
681 2698 761 2771 Si
803 2698 1029 2795 igitur
1062 2699 1191 2771 fiat
1231 2709 1316 2771 ut
1352 2708 1395 2771 4
1445 2699 1542 2772 ad
1578 2709 1646 2790 5,
1696 2700 1803 2773 ita
1845 2709 1888 2773 2
1927 2699 2021 2772 ad
2056 2710 2414 2796 quartam,

363 2814 504 2888 erit
551 2813 678 2886 illa
711 2824 972 2909 quarta
1022 2813 1140 2907 232
1246 2813 1503 2909 Itaque
1556 2836 1865 2909 quarum
1907 2814 2226 2908 partium
2278 2812 2333 2882 F
2354 2810 2418 2884 G

365 2939 477 3001 est
510 2936 581 3016 6,
638 2951 887 3000 earum
925 2926 997 3001 Q
1020 2926 1069 2996 S
1105 2937 1219 2998 est
1253 2926 1372 3021 23¹5.
1479 2926 1627 2999 Sed
1680 2926 1736 2998 F
1758 2926 1830 3001 Ω
1865 2938 1979 2999 est
2016 2949 2186 3014 una,
2240 2948 2417 3020 ergo

368 3041 496 3114 FS
556 3051 669 3113 est
705 3040 824 3135 3}-
936 3039 1246 3136 Reliqua
1304 3039 1530 3134 igitur
1573 3040 1637 3113 G
1665 3040 1715 3113 S
1764 3051 1879 3112 est
1924 3039 2246 3135 partium
2297 3037 2416 3132 2}-

367 3154 735 3229 Dividitur
770 3176 945 3248 ergo
998 3153 1054 3225 F
1074 3153 1138 3225 G
1184 3153 1261 3225 in
1300 3153 1373 3242 S,
1422 3153 1529 3225 ita
1580 3166 1668 3226 ut
1711 3177 1882 3249 pars
1924 3153 2021 3225 ad
2066 3177 2276 3225 axem
2326 3150 2422 3224 sit

368 3267 463 3340 ad
494 3279 781 3362 partem
813 3266 1190 3362 reliquam,
1225 3278 1312 3339 ut
1345 3268 1438 3362 2312-
1477 3267 1572 3339 ad
1602 3269 1722 3364 33,
1759 3268 1836 3341 id
1866 3279 1998 3357 est,
2032 3280 2118 3341 ut
2153 3276 2195 3340 5
2226 3267 2321 3340 ad
2347 3271 2419 3356 7,

371 3380 446 3454 id
509 3380 705 3476 quod
759 3379 1153 3475 respondet
1203 3403 1508 3453 numero
1561 3386 1605 3458 ἑ
1657 3381 1734 3453 in
1792 3381 2046 3454 ordine
2099 3380 2420 3453 secundo

366 3494 695 3589 proxime
716 3491 1060 3564 inferiore
1073 3515 1290 3588 quam
1311 3503 1422 3564 est
1440 3492 1660 3588 primi
1682 3493 1957 3566 ordinis
1975 3518 2323 3566 numerus
2343 3505 2419 3582 -23

370 3608 734 3702 ductaque
772 3605 895 3678 ST
928 3605 1049 3676 axi
1075 3604 1443 3699 parallela,
1469 3605 1802 3678 similiter
1836 3605 2184 3678 dividitur
2209 3607 2422 3679 basis.

467 3719 742 3792 Eadem
785 3718 1133 3791 methodo
1176 3717 1548 3790 invenitur
1591 3718 1799 3790 basin
1843 3719 2423 3814 semi-parabolae

374 3833 599 3906 dividi
641 3832 718 3905 in
754 3841 798 3905 3
837 3844 914 3904 et
949 3841 1016 3905 5.
1118 3833 1214 3904 Et
1246 3831 1519 3904 trilinei
1563 3855 1655 3904 ex
1695 3831 1888 3904 binis
1916 3832 2172 3904 mediis
2207 3832 2429 3928 primi

373 3948 449 4019 in
502 3955 547 4020 4
605 3957 680 4019 et
729 3954 801 4034 6,
860 3957 935 4018 et
984 3944 1256 4017 trilinei
1307 3969 1397 4017 ex
1431 3956 1749 4041 quatuor
1782 3945 2039 4018 mediis
2082 3946 2299 4041 primi
2349 3945 2425 4018 in

374 4069 419 4133 6
457 4071 533 4132 et
568 4067 637 4132 8.
741 4059 997 4153 Itaque
1038 4056 1436 4130 fractiones
1487 4057 1762 4130 ordinis
1813 4059 2114 4131 secundi
2164 4070 2429 4132 notant

374 4173 718 4261 rationeS‚
770 4171 849 4244 in
883 4195 1062 4267 quas
1110 4172 1321 4244 bases
1353 4172 1755 4267 figurarum
1790 4171 2067 4244 ordinis
2115 4172 2331 4268 primi
2382 4197 2429 4246 a

378 4286 750 4360 diametris
805 4285 1193 4381 aequilibrii
1252 4284 1701 4374 dividuntur,
1748 4286 1879 4359 sed
1923 4286 2105 4360 ordo
2148 4287 2428 4384 primus

375 4400 636 4496 incipit
666 4424 817 4473 uno
848 4399 1014 4472 loco
1049 4398 1267 4472 altius
1297 4423 1518 4496 quam
1553 4400 1937 4474 secundus.
