3182 5102
777 514 883 565 DE
927 516 1353 568 UNIVERSO
1394 518 1494 568 ΕΤ
1533 518 2029 570 sumn-mnus.
2310 503 2453 569 339

369 680 729 753 universae
764 692 897 772 est,
952 683 1174 779 quod,
1228 683 1367 757 nisi
1416 708 1504 757 ea
1537 708 1908 773 concessa,
1956 696 2197 756 motus
2235 696 2449 757 natu·
2534 693 2615 742 ΡΑ
2628 694 2707 805 {g
2737 693 2821 740 lV·

372 794 546 866 ralis
581 818 814 891 aquae,
849 797 1197 869 nimirum
1242 797 1567 893 corporis
1617 797 1886 893 graviS,
1940 821 2089 870 non
2145 798 2449 893 impedi·
2554 830 2802 864 »ἥρ-ν

379 919 608 981 retur.

484 1030 552 1094 3.
606 1022 666 1093 E
701 1033 979 1113 contra,
1016 1023 1111 1096 ad
1142 1048 1457 1097 vacuum
1491 1024 1967 1097 astruendum
2022 1038 2455 1120 argumenta
2482 1048 2783 1110 Argumenta

382 1135 1024 1233 experimentaque
1058 1136 1290 1211 multa
1322 1152 1399 1210 et
1432 1138 1610 1211 satis
1647 1138 1975 1234 speciosa
2022 1139 2452 1211 afferuntur.
2482 1112 2804 1226 ξἰζζῗῃζεξζο

387 1250 471 1321 In
511 1249 773 1345 quibus
822 1261 1067 1322 tamen
1121 1250 1424 1348 singulis
1478 1251 1575 1324 ad
1632 1251 2115 1324 conclusionis
2148 1252 2456 1325 firmita-
2484 1243 2709 1292 ¹¹¹V³¹¹d²²·

385 1373 538 1434 tem
575 1385 862 1458 semper
893 1362 1184 1435 videtur
1218 1364 1494 1459 aliquid
1527 1364 1948 1437 desiderari.
2045 1364 2185 1436 Pro
2221 1389 2453 1439 vacuo

384 1488 636 1547 autem
669 1486 1103 1572 argumenta
1134 1488 1305 1549 sunt
1337 1478 1608 1573 partim
1643 1501 1925 1567 eorum,
1983 1477 2108 1573 qui
2162 1480 2455 1573 sequuti

383 1600 558 1661 sunt
584 1588 995 1662 doctrinam
1028 1590 1347 1685 Epicuri.
1452 1590 1584 1663 Ille
1620 1602 1864 1664 autem
1903 1602 2241 1664 constare
2291 1593 2458 1665 uni-

386 1725 675 1775 versum
711 1702 961 1776 docuit
994 1728 1084 1776 ex
1118 1704 1296 1776 locis
1329 1704 1649 1776 minimis
1685 1704 1886 1777 nullo
1908 1727 2213 1799 corpore
2241 1728 2458 1778 occu-

386 1816 600 1910 patis,
635 1829 711 1889 et
743 1817 1062 1889 minimis
1096 1817 1521 1913 corporibus
1554 1818 1838 1890 nullum
1872 1842 2185 1890 vacuum
2218 1818 2459 1892 locum

388 1929 1195 2024 comprehendentibus,
1241 1953 1548 2025 quaeque
1604 1932 1698 2003 ob
1755 1931 2097 2004 duritiem
2147 1931 2462 2026 appellat

387 2053 694 2131 atomOS,
755 2043 1236 2139 interspersis.
1348 2045 1874 2140 Epicureorum
1929 2061 2363 2141 argumenta
2418 2069 2463 2117 a

390 2157 731 2231 Lucretio
765 2158 1094 2253 exposita
1127 2169 1301 2230 sunt
1331 2158 1516 2230 haec.

490 2270 688 2342 Dicit
721 2270 967 2366 itaque
999 2271 1261 2367 prim0,
1303 2270 1382 2343 ni
1416 2271 1521 2343 ita
1552 2281 1766 2360 esset,
1826 2271 2108 2344 nullum
2140 2272 2463 2368 potuisse

389 2406 547 2456 esse
608 2395 915 2456 motum.
1041 2383 1384 2479 Corporis
1444 2383 1642 2455 enim
1694 2383 1933 2479 inquit
1984 2384 2300 2457 officium
2354 2395 2463 2456 est

391 2496 624 2570 motui
659 2497 946 2570 obstare
980 2507 1056 2571 et
1089 2496 1403 2570 officere.
1509 2496 1587 2569 Si
1649 2496 1945 2592 quidem
2000 2521 2176 2594 ergo
2219 2498 2466 2571 omnia

393 2634 700 2706 corpore
756 2623 996 2684 essent
1054 2611 1297 2707 plena,
1367 2610 1825 2683 obstaculum
1892 2612 2123 2684 motui
2190 2612 2460 2707 ubique

278 2717 287 2726 ”
392 2733 607 2795 esset.
711 2724 963 2795 Motus
1032 2747 1210 2819 ergo
1279 2721 1571 2794 initium
1631 2722 1914 2795 nullum
1982 2747 2139 2796 esse
2193 2724 2458 2820 potuit,

391 2860 632 2933 neque
666 2861 840 2932 ergo
876 2849 1159 2909 motum
1185 2835 1415 2908 ullum
1450 2858 1632 2908 esse.

494 2951 581 3022 In
614 2950 831 3045 pleno
868 2949 1163 3045 quidem
1197 2960 1274 3021 et
1309 2947 1710 3021 secundum
1746 2973 2000 3022 omnes
2028 2973 2193 3022 suas
2217 2962 2464 3045 partes

391 3061 835 3158 quiescente,
873 3061 1165 3134 initium
1199 3071 1441 3134 motus
1474 3061 1636 3133 fieri
1670 3062 2111 3158 impossibile
2145 3073 2298 3146 est;
2335 3061 2465 3134 sed

393 3175 576 3248 nihil
623 3174 794 3247 inde
846 3175 1164 3247 trahitur
1217 3173 1312 3246 ad
1365 3175 1874 3269 probationem
1927 3177 2162 3249 vacui.
2268 3174 2461 3247 Nam

393 3288 532 3360 etsi
564 3312 875 3360 vacuum
912 3311 1067 3360 esse
1103 3286 1652 3376 concederetur,
1697 3312 2005 3384 corpora
2054 3299 2300 3362 autem
2351 3288 2455 3360 illi

391 3401 802 3474 intermista
835 3402 1057 3474 semel
1092 3413 1169 3473 et
1202 3399 1417 3473 simul
1459 3401 1707 3473 omnia
1741 3402 2222 3497 quiescerent,
2273 3424 2464 3473 nun-

396 3537 615 3608 quam
682 3538 770 3586 ea
834 3537 1086 3586 rursus
1158 3525 1651 3586 moverentur.
1780 3514 1912 3586 Est
1986 3514 2181 3586 enim
2248 3537 2467 3609 supra

395 3627 971 3700 demonstratum
1044 3627 1232 3722 (cap.
1306 3617 1423 3699 ix.
1494 3626 1704 3699 artic.
1764 3632 1807 3699 7
1812 3627 1866 3720 ,)
1940 3626 2123 3698 nihil
2188 3627 2465 3698 moveri

393 3765 604 3837 posse
636 3740 779 3814 nisi
815 3765 860 3812 a
891 3752 1094 3814 moto
1130 3751 1206 3812 et
1238 3739 1607 3834 contiguO.
1713 3739 1897 3812 Cum
1952 3739 2179 3835 igitur
2218 3739 2464 3812 omnia

392 3854 607 3927 simul
643 3854 893 3949 quieta
941 3878 1095 3927 esse
1147 3864 1671 3949 supponantur,
1726 3852 2007 3925 nullum
2053 3853 2189 3925 erit
2225 3850 2458 3925 conti-

391 3991 620 4062 guum
674 3980 981 4056 motum,
1033 3990 1270 4062 neque
1326 3989 1500 4061 ergo
1554 3977 1796 4038 motus
1850 3988 2172 4061 unquam
2237 3965 2455 4037 ullius

391 4080 703 4154 initium.
807 4079 1123 4175 Negatio
1156 4089 1400 4152 autem
1434 4079 1624 4152 initii
1658 4091 1923 4168 motuS,
1960 4089 2239 4152 motum
2271 4101 2458 4174 prae-

391 4205 671 4266 sentem
704 4217 853 4265 non
888 4193 1101 4282 tollit,
1135 4192 1277 4265 nisi
1300 4192 1512 4265 tollat
1546 4192 1769 4265 etiam
1788 4192 2079 4264 initium
2112 4190 2456 4286 corporis

395 4305 640 4378 Potuit
672 4305 867 4377 enim
900 4316 1144 4377 motus
1175 4304 1396 4377 fuisse
1430 4305 1722 4401 corpori
1754 4305 1870 4378 vel
1904 4317 2309 4378 coaeternus
2343 4305 2460 4376 vel

395 4429 845 4491 concreatus.
949 4417 1119 4489 Non
1179 4418 1374 4488 enim
1427 4427 1512 4489 ut
1563 4441 1872 4513 corpora
1919 4417 2192 4489 fuerint
2223 4417 2458 4511 primo

2135 4541 2254 4605 22
