<?xml version="1.0" encoding="UTF-8"?>
<!DOCTYPE html PUBLIC "-//W3C//DTD XHTML 1.0 Transitional//EN"
    "http://www.w3.org/TR/xhtml1/DTD/xhtml1-transitional.dtd">
<html xmlns="http://www.w3.org/1999/xhtml" xml:lang="en" lang="en">
 <head>
  <title>
</title>
<meta http-equiv="Content-Type" content="text/html;charset=utf-8" />
  <meta name='ocr-system' content='tesseract 3.04.00' />
  <meta name='ocr-capabilities' content='ocr_page ocr_carea ocr_par ocr_line ocrx_word'/>
</head>
<body>
  <div class='ocr_page' id='page_1' title='image "./thomhobbesmalme03molegoog_0384.png"; bbox 0 0 3182 5102; ppageno 0'>
   <div class='ocr_carea' id='block_1_1' title="bbox 385 636 705 687">
    <p class='ocr_par' dir='ltr' id='par_1_1' title="bbox 385 636 705 687">
     <span class='ocr_line' id='line_1_1' title="bbox 385 636 705 687; baseline -0.003 0"><span class='ocrx_word' id='word_1_1' title='bbox 385 636 563 687; x_wconf 74' lang='lat' dir='ltr'><strong>PARS</strong></span> <span class='ocrx_word' id='word_1_2' title='bbox 597 636 705 687; x_wconf 91' lang='lat'>111.</span> 
     </span>
    </p>
   </div>
   <div class='ocr_carea' id='block_1_2' title="bbox 529 703 602 753">
    <p class='ocr_par' dir='ltr' id='par_1_2' title="bbox 529 703 602 753">
     <span class='ocr_line' id='line_1_2' title="bbox 529 703 602 753; baseline 0 -2"><span class='ocrx_word' id='word_1_3' title='bbox 529 703 602 753; x_wconf 84' lang='lat'><strong>17.</strong></span> 
     </span>
    </p>
   </div>
   <div class='ocr_carea' id='block_1_3' title="bbox 347 1577 727 2279">
    <p class='ocr_par' dir='ltr' id='par_1_3' title="bbox 347 1577 727 2279">
     <span class='ocr_line' id='line_1_3' title="bbox 394 1577 725 1629; baseline -0.012 0"><span class='ocrx_word' id='word_1_4' title='bbox 394 1577 648 1629; x_wconf 81' lang='lat' dir='ltr'><strong>Quomodo</strong></span> <span class='ocrx_word' id='word_1_5' title='bbox 664 1592 725 1626; x_wconf 84' lang='lat' dir='ltr'><strong>ex</strong></span> 
     </span>
     <span class='ocr_line' id='line_1_4' title="bbox 349 1643 726 1707; baseline -0.005 -16"><span class='ocrx_word' id='word_1_6' title='bbox 349 1643 726 1707; x_wconf 73' lang='lat' dir='ltr'><strong>descriptisfigu·</strong></span> 
     </span>
     <span class='ocr_line' id='line_1_5' title="bbox 347 1708 723 1757; baseline -0.005 0"><span class='ocrx_word' id='word_1_7' title='bbox 347 1709 414 1757; x_wconf 73' lang='lat' dir='ltr'><strong>ris</strong></span> <span class='ocrx_word' id='word_1_8' title='bbox 463 1708 723 1757; x_wconf 78' lang='lat' dir='ltr'><strong>deficienti-</strong></span> 
     </span>
     <span class='ocr_line' id='line_1_6' title="bbox 347 1772 725 1837; baseline -0.005 -15"><span class='ocrx_word' id='word_1_9' title='bbox 347 1775 437 1822; x_wconf 85' lang='lat' dir='ltr'><strong>bus</strong></span> <span class='ocrx_word' id='word_1_10' title='bbox 453 1775 506 1822; x_wconf 88' lang='lat' dir='ltr'><strong>in</strong></span> <span class='ocrx_word' id='word_1_11' title='bbox 522 1772 725 1837; x_wconf 77' lang='lat' dir='ltr'><strong>pmlle·</strong></span> 
     </span>
     <span class='ocr_line' id='line_1_7' title="bbox 350 1838 726 1901; baseline -0.003 -15"><span class='ocrx_word' id='word_1_12' title='bbox 350 1838 633 1901; x_wconf 69' lang='lat' dir='ltr'><strong>logi-ammo,</strong></span> <span class='ocrx_word' id='word_1_13' title='bbox 655 1838 726 1885; x_wconf 87' lang='lat' dir='ltr'><strong>in-</strong></span> 
     </span>
     <span class='ocr_line' id='line_1_8' title="bbox 350 1904 727 1966; baseline -0.008 -14"><span class='ocrx_word' id='word_1_14' title='bbox 350 1904 504 1966; x_wconf 83' lang='lat' dir='ltr'><strong>terjici</strong></span> <span class='ocrx_word' id='word_1_15' title='bbox 525 1909 727 1966; x_wconf 72' lang='lat' dir='ltr'><strong>possunt</strong></span> 
     </span>
     <span class='ocr_line' id='line_1_9' title="bbox 348 1966 727 2026; baseline -0.003 -10"><span class='ocrx_word' id='word_1_16' title='bbox 348 1970 476 2017; x_wconf 76' lang='lat' dir='ltr'><strong>inter</strong></span> <span class='ocrx_word' id='word_1_17' title='bbox 504 1968 639 2026; x_wconf 67' lang='lat' dir='ltr'><strong>{duas</strong></span> <span class='ocrx_word' id='word_1_18' title='bbox 671 1966 727 2015; x_wconf 88' lang='lat' dir='ltr'><strong>li-</strong></span> 
     </span>
     <span class='ocr_line' id='line_1_10' title="bbox 348 2039 637 2082; baseline -0.003 0"><span class='ocrx_word' id='word_1_19' title='bbox 348 2049 463 2082; x_wconf 70' lang='lat' dir='ltr'><strong>neas</strong></span> <span class='ocrx_word' id='word_1_20' title='bbox 482 2039 637 2081; x_wconf 69' lang='lat' dir='ltr'><strong>rectas</strong></span> 
     </span>
     <span class='ocr_line' id='line_1_11' title="bbox 351 2097 725 2160; baseline -0.003 -14"><span class='ocrx_word' id='word_1_21' title='bbox 351 2097 585 2160; x_wconf 80' lang='lat' dir='ltr'><strong>quotlibet</strong></span> <span class='ocrx_word' id='word_1_22' title='bbox 624 2111 725 2145; x_wconf 80' lang='lat' dir='ltr'><strong>me·</strong></span> 
     </span>
     <span class='ocr_line' id='line_1_12' title="bbox 351 2163 660 2227; baseline 0 -16"><span class='ocrx_word' id='word_1_23' title='bbox 351 2163 445 2211; x_wconf 75' lang='lat' dir='ltr'><strong>diae</strong></span> <span class='ocrx_word' id='word_1_24' title='bbox 465 2177 660 2227; x_wconf 85' lang='lat' dir='ltr'><strong>propor-</strong></span> 
     </span>
     <span class='ocr_line' id='line_1_13' title="bbox 349 2227 564 2279; baseline 0 -3"><span class='ocrx_word' id='word_1_25' title='bbox 349 2227 564 2279; x_wconf 63' lang='lat' dir='ltr'><strong>tinnula.</strong></span> 
     </span>
    </p>
   </div>
   <div class='ocr_carea' id='block_1_4' title="bbox 749 449 2330 516">
    <p class='ocr_par' dir='ltr' id='par_1_4' title="bbox 749 449 2330 516">
     <span class='ocr_line' id='line_1_14' title="bbox 749 449 2330 516; baseline -0.001 -1"><span class='ocrx_word' id='word_1_26' title='bbox 749 449 895 515; x_wconf 82' lang='lat'><strong>226</strong></span> <span class='ocrx_word' id='word_1_27' title='bbox 1234 464 1341 514; x_wconf 85' lang='lat' dir='ltr'><strong>DE</strong></span> <span class='ocrx_word' id='word_1_28' title='bbox 1383 463 1898 515; x_wconf 73' lang='lat' dir='ltr'><strong>RA&#39;rmmnus</strong></span> <span class='ocrx_word' id='word_1_29' title='bbox 1939 464 2330 516; x_wconf 77' lang='grc' dir='ltr'><strong>ΜοτυυΜ.</strong></span> 
     </span>
    </p>
   </div>
   <div class='ocr_carea' id='block_1_5' title="bbox 747 629 2834 4025">
    <p class='ocr_par' dir='ltr' id='par_1_5' title="bbox 748 629 2828 1528">
     <span class='ocr_line' id='line_1_15' title="bbox 748 629 2823 728; baseline -0.001 -25"><span class='ocrx_word' id='word_1_30' title='bbox 748 629 998 725; x_wconf 84' lang='lat' dir='ltr'><strong>anguli</strong></span> <span class='ocrx_word' id='word_1_31' title='bbox 1034 630 1100 703; x_wconf 92' lang='lat' dir='ltr'>D</span> <span class='ocrx_word' id='word_1_32' title='bbox 1121 630 1189 701; x_wconf 91' lang='lat' dir='ltr'>A</span> <span class='ocrx_word' id='word_1_33' title='bbox 1211 630 1274 703; x_wconf 90' lang='lat' dir='ltr'>B</span> <span class='ocrx_word' id='word_1_34' title='bbox 1306 631 1532 705; x_wconf 83' lang='lat' dir='ltr'><strong>faciat</strong></span> <span class='ocrx_word' id='word_1_35' title='bbox 1565 655 1945 705; x_wconf 80' lang='lat' dir='ltr'><strong>excessum</strong></span> <span class='ocrx_word' id='word_1_36' title='bbox 1988 644 2149 705; x_wconf 86' lang='lat' dir='ltr'><strong>tum</strong></span> <span class='ocrx_word' id='word_1_37' title='bbox 2197 630 2607 728; x_wconf 88' lang='lat' dir='ltr'><strong>superficiei</strong></span> <span class='ocrx_word' id='word_1_38' title='bbox 2651 653 2823 725; x_wconf 88' lang='lat' dir='ltr'><strong>por-</strong></span> 
     </span>
     <span class='ocr_line' id='line_1_16' title="bbox 749 746 2825 843; baseline -0.001 -24"><span class='ocrx_word' id='word_1_39' title='bbox 749 746 991 836; x_wconf 79' lang='lat' dir='ltr'><strong>tioniS,</strong></span> <span class='ocrx_word' id='word_1_40' title='bbox 1021 756 1178 817; x_wconf 84' lang='lat' dir='ltr'><strong>tum</strong></span> <span class='ocrx_word' id='word_1_41' title='bbox 1214 747 1435 819; x_wconf 84' lang='lat' dir='ltr'><strong>etiam</strong></span> <span class='ocrx_word' id='word_1_42' title='bbox 1471 748 1726 820; x_wconf 90' lang='lat' dir='ltr'><strong>circuli</strong></span> <span class='ocrx_word' id='word_1_43' title='bbox 1759 773 1806 821; x_wconf 85' lang='lat' dir='ltr'>a</span> <span class='ocrx_word' id='word_1_44' title='bbox 1836 748 2044 822; x_wconf 82' lang='lat' dir='ltr'><strong>radio</strong></span> <span class='ocrx_word' id='word_1_45' title='bbox 2080 750 2148 821; x_wconf 91' lang='lat' dir='ltr'>A</span> <span class='ocrx_word' id='word_1_46' title='bbox 2169 750 2261 838; x_wconf 94' lang='lat' dir='ltr'><strong>D,</strong></span> <span class='ocrx_word' id='word_1_47' title='bbox 2306 770 2525 843; x_wconf 91' lang='lat' dir='ltr'><strong>super</strong></span> <span class='ocrx_word' id='word_1_48' title='bbox 2571 768 2825 841; x_wconf 89' lang='lat' dir='ltr'><strong>super-</strong></span> 
     </span>
     <span class='ocr_line' id='line_1_17' title="bbox 749 859 2823 958; baseline 0.004 -26"><span class='ocrx_word' id='word_1_49' title='bbox 749 860 990 933; x_wconf 88' lang='lat' dir='ltr'><strong>ficiem</strong></span> <span class='ocrx_word' id='word_1_50' title='bbox 1049 861 1215 933; x_wconf 89' lang='lat' dir='ltr'><strong>coni</strong></span> <span class='ocrx_word' id='word_1_51' title='bbox 1267 862 1473 950; x_wconf 90' lang='lat' dir='ltr'><strong>recti,</strong></span> <span class='ocrx_word' id='word_1_52' title='bbox 1537 885 1759 958; x_wconf 84' lang='lat' dir='ltr'><strong>quam</strong></span> <span class='ocrx_word' id='word_1_53' title='bbox 1813 862 2161 936; x_wconf 82' lang='lat' dir='ltr'>describit</span> <span class='ocrx_word' id='word_1_54' title='bbox 2218 862 2570 936; x_wconf 84' lang='lat' dir='ltr'><strong>subtensa</strong></span> <span class='ocrx_word' id='word_1_55' title='bbox 2624 860 2692 931; x_wconf 91' lang='lat' dir='ltr'>A</span> <span class='ocrx_word' id='word_1_56' title='bbox 2713 859 2823 940; x_wconf 88' lang='lat' dir='ltr'><strong>B;</strong></span> 
     </span>
     <span class='ocr_line' id='line_1_18' title="bbox 749 973 2827 1070; baseline -0.001 -23"><span class='ocrx_word' id='word_1_57' title='bbox 749 985 1036 1047; x_wconf 79' lang='lat' dir='ltr'><strong>tantum</strong></span> <span class='ocrx_word' id='word_1_58' title='bbox 1070 976 1441 1070; x_wconf 85' lang='lat' dir='ltr'><strong>superabit</strong></span> <span class='ocrx_word' id='word_1_59' title='bbox 1474 974 1787 1048; x_wconf 89' lang='lat' dir='ltr'><strong>circulus</strong></span> <span class='ocrx_word' id='word_1_60' title='bbox 1832 1000 1878 1049; x_wconf 83' lang='lat' dir='ltr'>a</span> <span class='ocrx_word' id='word_1_61' title='bbox 1923 975 2130 1049; x_wconf 78' lang='lat' dir='ltr'><strong>radio</strong></span> <span class='ocrx_word' id='word_1_62' title='bbox 2164 977 2233 1049; x_wconf 93' lang='lat' dir='ltr'>A</span> <span class='ocrx_word' id='word_1_63' title='bbox 2257 977 2324 1048; x_wconf 95' lang='lat' dir='ltr'>D</span> <span class='ocrx_word' id='word_1_64' title='bbox 2366 973 2827 1070; x_wconf 87' lang='lat' dir='ltr'><strong>superficiem</strong></span> 
     </span>
     <span class='ocr_line' id='line_1_19' title="bbox 751 1087 2828 1186; baseline -0.001 -25"><span class='ocrx_word' id='word_1_65' title='bbox 751 1088 1105 1178; x_wconf 85' lang='lat' dir='ltr'><strong>conicam,</strong></span> <span class='ocrx_word' id='word_1_66' title='bbox 1169 1101 1523 1183; x_wconf 85' lang='lat' dir='ltr'><strong>quantum</strong></span> <span class='ocrx_word' id='word_1_67' title='bbox 1591 1088 1904 1162; x_wconf 83' lang='lat' dir='ltr'><strong>eandem</strong></span> <span class='ocrx_word' id='word_1_68' title='bbox 1964 1089 2339 1186; x_wconf 85' lang='lat' dir='ltr'><strong>superabit</strong></span> <span class='ocrx_word' id='word_1_69' title='bbox 2399 1087 2828 1183; x_wconf 87' lang='lat' dir='ltr'><strong>superficies</strong></span> 
     </span>
     <span class='ocr_line' id='line_1_20' title="bbox 750 1200 2827 1300; baseline -0.001 -26"><span class='ocrx_word' id='word_1_70' title='bbox 750 1201 1108 1297; x_wconf 84' lang='lat' dir='ltr'><strong>sphaerica</strong></span> <span class='ocrx_word' id='word_1_71' title='bbox 1159 1202 1252 1275; x_wconf 86' lang='lat' dir='ltr'><strong>ab</strong></span> <span class='ocrx_word' id='word_1_72' title='bbox 1311 1226 1489 1275; x_wconf 82' lang='lat' dir='ltr'><strong>arcu</strong></span> <span class='ocrx_word' id='word_1_73' title='bbox 1541 1203 1610 1275; x_wconf 93' lang='lat' dir='ltr'>A</span> <span class='ocrx_word' id='word_1_74' title='bbox 1633 1203 1718 1275; x_wconf 86' lang='lat' dir='ltr'><strong>B.</strong></span> <span class='ocrx_word' id='word_1_75' title='bbox 1823 1204 2014 1277; x_wconf 89' lang='lat' dir='ltr'><strong>Sunt</strong></span> <span class='ocrx_word' id='word_1_76' title='bbox 2065 1204 2294 1300; x_wconf 86' lang='lat' dir='ltr'><strong>igitur</strong></span> <span class='ocrx_word' id='word_1_77' title='bbox 2345 1202 2661 1276; x_wconf 83' lang='lat' dir='ltr'><strong>circulus</strong></span> <span class='ocrx_word' id='word_1_78' title='bbox 2729 1200 2827 1273; x_wconf 84' lang='lat' dir='ltr'><strong>ab</strong></span> 
     </span>
     <span class='ocr_line' id='line_1_21' title="bbox 750 1314 2828 1414; baseline -0.001 -26"><span class='ocrx_word' id='word_1_79' title='bbox 750 1316 818 1388; x_wconf 93' lang='lat' dir='ltr'>A</span> <span class='ocrx_word' id='word_1_80' title='bbox 839 1315 905 1388; x_wconf 94' lang='lat' dir='ltr'>D</span> <span class='ocrx_word' id='word_1_81' title='bbox 940 1316 1091 1389; x_wconf 84' lang='lat' dir='ltr'><strong>sive</strong></span> <span class='ocrx_word' id='word_1_82' title='bbox 1125 1317 1193 1388; x_wconf 99' lang='lat' dir='ltr'>A</span> <span class='ocrx_word' id='word_1_83' title='bbox 1216 1316 1300 1406; x_wconf 89' lang='grc' dir='ltr'><strong>Β,</strong></span> <span class='ocrx_word' id='word_1_84' title='bbox 1338 1328 1412 1388; x_wconf 96' lang='lat' dir='ltr'><strong>et</strong></span> <span class='ocrx_word' id='word_1_85' title='bbox 1446 1317 1866 1413; x_wconf 87' lang='lat' dir='ltr'><strong>superficies</strong></span> <span class='ocrx_word' id='word_1_86' title='bbox 1913 1317 2271 1414; x_wconf 82' lang='lat' dir='ltr'><strong>spbaerica</strong></span> <span class='ocrx_word' id='word_1_87' title='bbox 2302 1316 2396 1389; x_wconf 82' lang='lat' dir='ltr'><strong>ab</strong></span> <span class='ocrx_word' id='word_1_88' title='bbox 2431 1339 2609 1389; x_wconf 80' lang='lat' dir='ltr'><strong>arcu</strong></span> <span class='ocrx_word' id='word_1_89' title='bbox 2642 1315 2709 1387; x_wconf 96' lang='lat' dir='ltr'>A</span> <span class='ocrx_word' id='word_1_90' title='bbox 2737 1314 2828 1402; x_wconf 91' lang='grc' dir='ltr'><strong>Β,</strong></span> 
     </span>
     <span class='ocr_line' id='line_1_22' title="bbox 749 1429 2461 1528; baseline 0 -26"><span class='ocrx_word' id='word_1_91' title='bbox 749 1430 941 1503; x_wconf 92' lang='lat' dir='ltr'><strong>inter</strong></span> <span class='ocrx_word' id='word_1_92' title='bbox 975 1454 1052 1502; x_wconf 92' lang='lat' dir='ltr'><strong>se</strong></span> <span class='ocrx_word' id='word_1_93' title='bbox 1086 1430 1422 1525; x_wconf 80' lang='lat' dir='ltr'><strong>aequales.</strong></span> <span class='ocrx_word' id='word_1_94' title='bbox 1530 1431 1752 1505; x_wconf 77' lang='lat' dir='ltr'><strong>Quod</strong></span> <span class='ocrx_word' id='word_1_95' title='bbox 1784 1443 1944 1505; x_wconf 82' lang='lat' dir='ltr'><strong>erat</strong></span> <span class='ocrx_word' id='word_1_96' title='bbox 1973 1429 2461 1528; x_wconf 83' lang='lat' dir='ltr'><strong>probandum.</strong></span> 
     </span>
    </p>

    <p class='ocr_par' dir='ltr' id='par_1_6' title="bbox 747 1539 2834 3684">
     <span class='ocr_line' id='line_1_23' title="bbox 857 1539 2831 1641; baseline -0.003 -24"><span class='ocrx_word' id='word_1_97' title='bbox 857 1553 970 1617; x_wconf 87' lang='lat'><strong>14.</strong></span> <span class='ocrx_word' id='word_1_98' title='bbox 1026 1544 1104 1617; x_wconf 86' lang='lat' dir='ltr'><strong>Si</strong></span> <span class='ocrx_word' id='word_1_99' title='bbox 1144 1546 1400 1640; x_wconf 85' lang='lat' dir='ltr'><strong>fignrae</strong></span> <span class='ocrx_word' id='word_1_100' title='bbox 1451 1543 1899 1634; x_wconf 81' lang='lat' dir='ltr'><strong>deficienteS,</strong></span> <span class='ocrx_word' id='word_1_101' title='bbox 1954 1568 2136 1641; x_wconf 84' lang='lat' dir='ltr'><strong>quas</strong></span> <span class='ocrx_word' id='word_1_102' title='bbox 2185 1542 2701 1639; x_wconf 88' lang='lat' dir='ltr'><strong>descripsimus</strong></span> <span class='ocrx_word' id='word_1_103' title='bbox 2748 1539 2831 1611; x_wconf 89' lang='lat' dir='ltr'><strong>in</strong></span> 
     </span>
     <span class='ocr_line' id='line_1_24' title="bbox 747 1657 2822 1755; baseline -0.003 -24"><span class='ocrx_word' id='word_1_104' title='bbox 747 1658 1453 1755; x_wconf 77' lang='lat' dir='ltr'><strong>parallelogrammO,</strong></span> <span class='ocrx_word' id='word_1_105' title='bbox 1508 1658 1869 1753; x_wconf 85' lang='lat' dir='ltr'><strong>exquisite</strong></span> <span class='ocrx_word' id='word_1_106' title='bbox 1916 1657 2234 1731; x_wconf 87' lang='lat' dir='ltr'><strong>describi</strong></span> <span class='ocrx_word' id='word_1_107' title='bbox 2285 1665 2612 1753; x_wconf 89' lang='lat' dir='ltr'><strong>possent,</strong></span> <span class='ocrx_word' id='word_1_108' title='bbox 2652 1678 2822 1750; x_wconf 91' lang='lat' dir='ltr'><strong>pos-</strong></span> 
     </span>
     <span class='ocr_line' id='line_1_25' title="bbox 749 1766 2832 1863; baseline -0.003 -17"><span class='ocrx_word' id='word_1_109' title='bbox 749 1783 917 1846; x_wconf 91' lang='lat' dir='ltr'><strong>sent</strong></span> <span class='ocrx_word' id='word_1_110' title='bbox 947 1769 1166 1863; x_wconf 62' lang='lat' dir='ltr'><strong>{inde,</strong></span> <span class='ocrx_word' id='word_1_111' title='bbox 1221 1770 1413 1844; x_wconf 89' lang='lat' dir='ltr'><strong>inter</strong></span> <span class='ocrx_word' id='word_1_112' title='bbox 1466 1770 1650 1843; x_wconf 81' lang='lat' dir='ltr'><strong>duas</strong></span> <span class='ocrx_word' id='word_1_113' title='bbox 1707 1782 1946 1844; x_wconf 77' lang='lat' dir='ltr'><strong>rectas</strong></span> <span class='ocrx_word' id='word_1_114' title='bbox 2001 1771 2232 1860; x_wconf 76' lang='lat' dir='ltr'><strong>datas,</strong></span> <span class='ocrx_word' id='word_1_115' title='bbox 2286 1779 2403 1841; x_wconf 79' lang='lat' dir='ltr'><strong>tot</strong></span> <span class='ocrx_word' id='word_1_116' title='bbox 2454 1766 2832 1863; x_wconf 91' lang='lat' dir='ltr'><strong>interponi</strong></span> 
     </span>
     <span class='ocr_line' id='line_1_26' title="bbox 750 1880 2832 1982; baseline -0.003 -23"><span class='ocrx_word' id='word_1_117' title='bbox 750 1885 1011 1959; x_wconf 86' lang='lat' dir='ltr'><strong>mediae</strong></span> <span class='ocrx_word' id='word_1_118' title='bbox 1042 1885 1652 1981; x_wconf 77' lang='lat' dir='ltr'><strong>proportionaleS‚</strong></span> <span class='ocrx_word' id='word_1_119' title='bbox 1688 1897 1869 1981; x_wconf 92' lang='lat' dir='ltr'><strong>quot</strong></span> <span class='ocrx_word' id='word_1_120' title='bbox 1902 1885 2064 1982; x_wconf 89' lang='lat' dir='ltr'><strong>quis</strong></span> <span class='ocrx_word' id='word_1_121' title='bbox 2098 1883 2436 1958; x_wconf 83' lang='lat' dir='ltr'><strong>voluerit.</strong></span> <span class='ocrx_word' id='word_1_122' title='bbox 2490 1880 2832 1977; x_wconf 84' lang='lat' dir='ltr'><strong>Exempli</strong></span> 
     </span>
     <span class='ocr_line' id='line_1_27' title="bbox 748 1995 2831 2098; baseline -0.003 -25"><span class='ocrx_word' id='word_1_123' title='bbox 748 2001 1011 2098; x_wconf 83' lang='lat' dir='ltr'><strong>gratia,</strong></span> <span class='ocrx_word' id='word_1_124' title='bbox 1046 2000 1124 2072; x_wconf 91' lang='lat' dir='ltr'><strong>in</strong></span> <span class='ocrx_word' id='word_1_125' title='bbox 1155 1999 1843 2096; x_wconf 79' lang='lat' dir='ltr'><strong>parallelogrammo</strong></span> <span class='ocrx_word' id='word_1_126' title='bbox 1879 1999 1947 2071; x_wconf 92' lang='lat' dir='ltr'>A</span> <span class='ocrx_word' id='word_1_127' title='bbox 1970 1999 2033 2069; x_wconf 94' lang='lat' dir='ltr'>B</span> <span class='ocrx_word' id='word_1_128' title='bbox 2059 1998 2118 2071; x_wconf 91' lang='lat' dir='ltr'>C</span> <span class='ocrx_word' id='word_1_129' title='bbox 2138 1999 2207 2071; x_wconf 93' lang='lat' dir='ltr'>D</span> <span class='ocrx_word' id='word_1_130' title='bbox 2243 1998 2338 2071; x_wconf 90' lang='lat' dir='ltr'><strong>sit</strong></span> <span class='ocrx_word' id='word_1_131' title='bbox 2373 1995 2831 2091; x_wconf 85' lang='lat' dir='ltr'><strong>descriptum</strong></span> 
     </span>
     <span class='ocr_line' id='line_1_28' title="bbox 758 2108 2831 2209; baseline -0.002 -24"><span class='ocrx_word' id='word_1_132' title='bbox 758 2113 872 2207; x_wconf 88' lang='lat' dir='ltr'><strong>(ut</strong></span> <span class='ocrx_word' id='word_1_133' title='bbox 904 2113 983 2186; x_wconf 91' lang='lat' dir='ltr'><strong>in</strong></span> <span class='ocrx_word' id='word_1_134' title='bbox 1013 2115 1139 2209; x_wconf 87' lang='lat' dir='ltr'><strong>fig.</strong></span> <span class='ocrx_word' id='word_1_135' title='bbox 1177 2113 1255 2205; x_wconf 88' lang='lat'><strong>8)</strong></span> <span class='ocrx_word' id='word_1_136' title='bbox 1294 2112 1668 2185; x_wconf 87' lang='lat' dir='ltr'><strong>trilineum</strong></span> <span class='ocrx_word' id='word_1_137' title='bbox 1703 2136 1794 2186; x_wconf 90' lang='lat' dir='ltr'><strong>ex</strong></span> <span class='ocrx_word' id='word_1_138' title='bbox 1828 2112 2089 2185; x_wconf 89' lang='lat' dir='ltr'><strong>mediis</strong></span> <span class='ocrx_word' id='word_1_139' title='bbox 2140 2112 2424 2185; x_wconf 83' lang='lat' dir='ltr'><strong>duabus</strong></span> <span class='ocrx_word' id='word_1_140' title='bbox 2476 2110 2538 2182; x_wconf 91' lang='lat' dir='ltr'>B</span> <span class='ocrx_word' id='word_1_141' title='bbox 2560 2111 2622 2182; x_wconf 87' lang='lat' dir='ltr'><strong>E</strong></span> <span class='ocrx_word' id='word_1_142' title='bbox 2651 2109 2717 2182; x_wconf 95' lang='lat' dir='ltr'>D</span> <span class='ocrx_word' id='word_1_143' title='bbox 2740 2108 2831 2198; x_wconf 88' lang='lat' dir='ltr'><strong>C,</strong></span> 
     </span>
     <span class='ocr_line' id='line_1_29' title="bbox 757 2223 2831 2325; baseline -0.003 -24"><span class='ocrx_word' id='word_1_144' title='bbox 757 2228 989 2325; x_wconf 92' lang='lat' dir='ltr'><strong>(quod</strong></span> <span class='ocrx_word' id='word_1_145' title='bbox 1020 2237 1325 2301; x_wconf 83' lang='lat' dir='ltr'><strong>vocatur</strong></span> <span class='ocrx_word' id='word_1_146' title='bbox 1358 2250 1404 2299; x_wconf 84' lang='lat' dir='ltr'>a</span> <span class='ocrx_word' id='word_1_147' title='bbox 1434 2226 1808 2300; x_wconf 84' lang='lat' dir='ltr'><strong>nonnullis</strong></span> <span class='ocrx_word' id='word_1_148' title='bbox 1839 2226 2194 2323; x_wconf 82' lang='lat' dir='ltr'><strong>parabola</strong></span> <span class='ocrx_word' id='word_1_149' title='bbox 2212 2223 2502 2319; x_wconf 84' lang='lat' dir='ltr'><strong>cubica)</strong></span> <span class='ocrx_word' id='word_1_150' title='bbox 2530 2224 2831 2319; x_wconf 90' lang='lat' dir='ltr'><strong>sintque</strong></span> 
     </span>
     <span class='ocr_line' id='line_1_30' title="bbox 754 2336 2831 2437; baseline -0.002 -23"><span class='ocrx_word' id='word_1_151' title='bbox 754 2340 946 2414; x_wconf 85' lang='lat' dir='ltr'><strong>datae</strong></span> <span class='ocrx_word' id='word_1_152' title='bbox 1013 2340 1180 2414; x_wconf 85' lang='lat' dir='ltr'><strong>duae</strong></span> <span class='ocrx_word' id='word_1_153' title='bbox 1231 2351 1455 2413; x_wconf 85' lang='lat' dir='ltr'><strong>rectae</strong></span> <span class='ocrx_word' id='word_1_154' title='bbox 1510 2340 1578 2412; x_wconf 90' lang='lat' dir='ltr'>R</span> <span class='ocrx_word' id='word_1_155' title='bbox 1633 2352 1710 2413; x_wconf 87' lang='lat' dir='ltr'><strong>et</strong></span> <span class='ocrx_word' id='word_1_156' title='bbox 1778 2340 1853 2430; x_wconf 90' lang='lat' dir='ltr'><strong>S,</strong></span> <span class='ocrx_word' id='word_1_157' title='bbox 1932 2350 2414 2437; x_wconf 79' lang='lat' dir='ltr'><strong>oporteatque</strong></span> <span class='ocrx_word' id='word_1_158' title='bbox 2494 2336 2831 2411; x_wconf 86' lang='lat' dir='ltr'><strong>invenire</strong></span> 
     </span>
     <span class='ocr_line' id='line_1_31' title="bbox 752 2450 2833 2550; baseline -0.003 -23"><span class='ocrx_word' id='word_1_159' title='bbox 752 2456 945 2527; x_wconf 90' lang='lat' dir='ltr'><strong>inter</strong></span> <span class='ocrx_word' id='word_1_160' title='bbox 1005 2454 1073 2526; x_wconf 90' lang='lat' dir='ltr'>R</span> <span class='ocrx_word' id='word_1_161' title='bbox 1133 2464 1208 2527; x_wconf 91' lang='lat' dir='ltr'><strong>et</strong></span> <span class='ocrx_word' id='word_1_162' title='bbox 1275 2454 1327 2527; x_wconf 89' lang='lat' dir='ltr'>S</span> <span class='ocrx_word' id='word_1_163' title='bbox 1389 2452 1571 2526; x_wconf 84' lang='lat' dir='ltr'><strong>duas</strong></span> <span class='ocrx_word' id='word_1_164' title='bbox 1637 2453 1918 2526; x_wconf 86' lang='lat' dir='ltr'><strong>medias</strong></span> <span class='ocrx_word' id='word_1_165' title='bbox 1982 2450 2615 2550; x_wconf 56' lang='lat' dir='ltr'><strong>proportionalem</strong></span> <span class='ocrx_word' id='word_1_166' title='bbox 2682 2450 2833 2522; x_wconf 92' lang='lat' dir='ltr'><strong>hoc</strong></span> 
     </span>
     <span class='ocr_line' id='line_1_32' title="bbox 751 2565 2829 2657; baseline -0.002 -16"><span class='ocrx_word' id='word_1_167' title='bbox 751 2568 973 2642; x_wconf 89' lang='lat' dir='ltr'><strong>modo</strong></span> <span class='ocrx_word' id='word_1_168' title='bbox 1006 2570 1157 2641; x_wconf 90' lang='lat' dir='ltr'><strong>fiet.</strong></span> <span class='ocrx_word' id='word_1_169' title='bbox 1260 2567 1421 2641; x_wconf 83' lang='lat' dir='ltr'><strong>Fiat</strong></span> <span class='ocrx_word' id='word_1_170' title='bbox 1451 2579 1535 2640; x_wconf 90' lang='lat' dir='ltr'><strong>ut</strong></span> <span class='ocrx_word' id='word_1_171' title='bbox 1570 2568 1639 2640; x_wconf 89' lang='lat' dir='ltr'>R</span> <span class='ocrx_word' id='word_1_172' title='bbox 1672 2568 1768 2641; x_wconf 83' lang='lat' dir='ltr'><strong>ad</strong></span> <span class='ocrx_word' id='word_1_173' title='bbox 1803 2569 1878 2657; x_wconf 91' lang='lat' dir='ltr'><strong>S,</strong></span> <span class='ocrx_word' id='word_1_174' title='bbox 1914 2569 2020 2641; x_wconf 86' lang='lat' dir='ltr'><strong>ita</strong></span> <span class='ocrx_word' id='word_1_175' title='bbox 2054 2568 2198 2641; x_wconf 88' lang='lat' dir='ltr'><strong>BC</strong></span> <span class='ocrx_word' id='word_1_176' title='bbox 2231 2567 2328 2641; x_wconf 85' lang='lat' dir='ltr'><strong>ad</strong></span> <span class='ocrx_word' id='word_1_177' title='bbox 2360 2567 2603 2656; x_wconf 83' lang='lat' dir='ltr'><strong>aliam,</strong></span> <span class='ocrx_word' id='word_1_178' title='bbox 2639 2565 2829 2648; x_wconf 89' lang='lat' dir='ltr'><strong>BF;</strong></span> 
     </span>
     <span class='ocr_line' id='line_1_33' title="bbox 752 2680 2832 2777; baseline -0.001 -23"><span class='ocrx_word' id='word_1_179' title='bbox 752 2694 911 2755; x_wconf 87' lang='lat' dir='ltr'><strong>tum</strong></span> <span class='ocrx_word' id='word_1_180' title='bbox 945 2681 1253 2754; x_wconf 82' lang='lat' dir='ltr'><strong>ducatur</strong></span> <span class='ocrx_word' id='word_1_181' title='bbox 1286 2682 1342 2753; x_wconf 93' lang='lat' dir='ltr'><strong>F</strong></span> <span class='ocrx_word' id='word_1_182' title='bbox 1360 2682 1421 2753; x_wconf 91' lang='lat' dir='ltr'>E</span> <span class='ocrx_word' id='word_1_183' title='bbox 1454 2680 1803 2777; x_wconf 73' lang='lat' dir='ltr'><strong>parallelo,</strong></span> <span class='ocrx_word' id='word_1_184' title='bbox 1836 2681 1899 2754; x_wconf 90' lang='lat' dir='ltr'>B</span> <span class='ocrx_word' id='word_1_185' title='bbox 1920 2682 2012 2771; x_wconf 92' lang='lat' dir='ltr'><strong>A,</strong></span> <span class='ocrx_word' id='word_1_186' title='bbox 2066 2704 2322 2754; x_wconf 80' lang='lat' dir='ltr'><strong>secans</strong></span> <span class='ocrx_word' id='word_1_187' title='bbox 2355 2680 2627 2753; x_wconf 80' lang='lat' dir='ltr'><strong>lineam</strong></span> <span class='ocrx_word' id='word_1_188' title='bbox 2661 2702 2832 2751; x_wconf 89' lang='lat' dir='ltr'><strong>cur-</strong></span> 
     </span>
     <span class='ocr_line' id='line_1_34' title="bbox 751 2785 2832 2891; baseline -0.001 -24"><span class='ocrx_word' id='word_1_189' title='bbox 751 2819 920 2867; x_wconf 85' lang='lat' dir='ltr'><strong>vam</strong></span> <span class='ocrx_word' id='word_1_190' title='bbox 942 2785 1031 2868; x_wconf 69' lang='lat' dir='ltr'><strong>⁸in</strong></span> <span class='ocrx_word' id='word_1_191' title='bbox 1065 2795 1170 2878; x_wconf 90' lang='lat' dir='ltr'><strong>E;</strong></span> <span class='ocrx_word' id='word_1_192' title='bbox 1224 2794 1489 2868; x_wconf 91' lang='lat' dir='ltr'><strong>deinde</strong></span> <span class='ocrx_word' id='word_1_193' title='bbox 1541 2818 1676 2891; x_wconf 91' lang='lat' dir='ltr'><strong>per</strong></span> <span class='ocrx_word' id='word_1_194' title='bbox 1727 2796 1788 2868; x_wconf 90' lang='lat' dir='ltr'><strong>E</strong></span> <span class='ocrx_word' id='word_1_195' title='bbox 1824 2795 2134 2868; x_wconf 84' lang='lat' dir='ltr'><strong>ducatur</strong></span> <span class='ocrx_word' id='word_1_196' title='bbox 2167 2796 2234 2868; x_wconf 84' lang='lat' dir='ltr'>G</span> <span class='ocrx_word' id='word_1_197' title='bbox 2260 2795 2334 2867; x_wconf 92' lang='lat' dir='ltr'>H</span> <span class='ocrx_word' id='word_1_198' title='bbox 2367 2792 2719 2890; x_wconf 81' lang='lat' dir='ltr'><strong>parallela</strong></span> <span class='ocrx_word' id='word_1_199' title='bbox 2751 2803 2832 2864; x_wconf 86' lang='lat' dir='ltr'><strong>et</strong></span> 
     </span>
     <span class='ocr_line' id='line_1_35' title="bbox 754 2904 2827 3007; baseline -0.002 -25"><span class='ocrx_word' id='word_1_200' title='bbox 754 2910 1053 3007; x_wconf 75' lang='lat' dir='ltr'><strong>aequalis</strong></span> <span class='ocrx_word' id='word_1_201' title='bbox 1087 2921 1309 2982; x_wconf 85' lang='lat' dir='ltr'><strong>rectae</strong></span> <span class='ocrx_word' id='word_1_202' title='bbox 1358 2910 1426 2982; x_wconf 93' lang='lat' dir='ltr'>A</span> <span class='ocrx_word' id='word_1_203' title='bbox 1447 2910 1539 2998; x_wconf 93' lang='lat' dir='ltr'><strong>D,</strong></span> <span class='ocrx_word' id='word_1_204' title='bbox 1602 2931 1857 2983; x_wconf 88' lang='lat' dir='ltr'><strong>secans</strong></span> <span class='ocrx_word' id='word_1_205' title='bbox 1909 2909 2374 3007; x_wconf 81' lang='lat' dir='ltr'><strong>diagonalem</strong></span> <span class='ocrx_word' id='word_1_206' title='bbox 2426 2907 2489 2980; x_wconf 90' lang='lat' dir='ltr'>B</span> <span class='ocrx_word' id='word_1_207' title='bbox 2509 2908 2578 2980; x_wconf 94' lang='lat' dir='ltr'>D</span> <span class='ocrx_word' id='word_1_208' title='bbox 2629 2907 2708 2978; x_wconf 93' lang='lat' dir='ltr'><strong>in</strong></span> <span class='ocrx_word' id='word_1_209' title='bbox 2742 2904 2827 2989; x_wconf 89' lang='lat' dir='ltr'><strong>I;</strong></span> 
     </span>
     <span class='ocr_line' id='line_1_36' title="bbox 755 3020 2834 3119; baseline -0.002 -23"><span class='ocrx_word' id='word_1_210' title='bbox 755 3023 1038 3119; x_wconf 87' lang='lat' dir='ltr'><strong>eritque</strong></span> <span class='ocrx_word' id='word_1_211' title='bbox 1071 3023 1264 3095; x_wconf 93' lang='lat' dir='ltr'><strong>inter</strong></span> <span class='ocrx_word' id='word_1_212' title='bbox 1298 3022 1445 3096; x_wconf 91' lang='lat' dir='ltr'><strong>GH</strong></span> <span class='ocrx_word' id='word_1_213' title='bbox 1483 3033 1557 3095; x_wconf 91' lang='lat' dir='ltr'><strong>et</strong></span> <span class='ocrx_word' id='word_1_214' title='bbox 1583 3022 1709 3095; x_wconf 89' lang='lat' dir='ltr'><strong>GE</strong></span> <span class='ocrx_word' id='word_1_215' title='bbox 1737 3022 2047 3096; x_wconf 84' lang='lat' dir='ltr'><strong>duarum</strong></span> <span class='ocrx_word' id='word_1_216' title='bbox 2072 3021 2481 3095; x_wconf 83' lang='lat' dir='ltr'><strong>mediarum</strong></span> <span class='ocrx_word' id='word_1_217' title='bbox 2506 3020 2834 3092; x_wconf 84' lang='lat' dir='ltr'><strong>maxima</strong></span> 
     </span>
     <span class='ocr_line' id='line_1_37' title="bbox 755 3133 2828 3233; baseline -0.003 -23"><span class='ocrx_word' id='word_1_218' title='bbox 755 3137 819 3211; x_wconf 91' lang='lat' dir='ltr'>G</span> <span class='ocrx_word' id='word_1_219' title='bbox 841 3138 899 3226; x_wconf 90' lang='grc' dir='ltr'><strong>Ι,</strong></span> <span class='ocrx_word' id='word_1_220' title='bbox 933 3161 1027 3210; x_wconf 84' lang='lat' dir='ltr'><strong>ex</strong></span> <span class='ocrx_word' id='word_1_221' title='bbox 1060 3136 1551 3232; x_wconf 90' lang='lat' dir='ltr'><strong>descriptione</strong></span> <span class='ocrx_word' id='word_1_222' title='bbox 1585 3138 1843 3233; x_wconf 84' lang='lat' dir='ltr'><strong>figurae</strong></span> <span class='ocrx_word' id='word_1_223' title='bbox 1875 3135 2149 3209; x_wconf 82' lang='lat' dir='ltr'><strong>tradita</strong></span> <span class='ocrx_word' id='word_1_224' title='bbox 2181 3136 2388 3208; x_wconf 85' lang='lat' dir='ltr'><strong>artic.</strong></span> <span class='ocrx_word' id='word_1_225' title='bbox 2424 3143 2496 3207; x_wconf 89' lang='lat'><strong>4.</strong></span> <span class='ocrx_word' id='word_1_226' title='bbox 2579 3133 2658 3207; x_wconf 93' lang='lat' dir='ltr'><strong>Si</strong></span> <span class='ocrx_word' id='word_1_227' title='bbox 2690 3133 2828 3204; x_wconf 84' lang='lat' dir='ltr'><strong>fiat</strong></span> 
     </span>
     <span class='ocr_line' id='line_1_38' title="bbox 756 3245 2831 3347; baseline -0.002 -25"><span class='ocrx_word' id='word_1_228' title='bbox 756 3250 981 3347; x_wconf 86' lang='lat' dir='ltr'><strong>igitur</strong></span> <span class='ocrx_word' id='word_1_229' title='bbox 1033 3261 1117 3323; x_wconf 91' lang='lat' dir='ltr'><strong>ut</strong></span> <span class='ocrx_word' id='word_1_230' title='bbox 1168 3250 1328 3322; x_wconf 89' lang='lat' dir='ltr'><strong>GH</strong></span> <span class='ocrx_word' id='word_1_231' title='bbox 1385 3249 1481 3322; x_wconf 82' lang='lat' dir='ltr'><strong>ad</strong></span> <span class='ocrx_word' id='word_1_232' title='bbox 1533 3250 1679 3340; x_wconf 89' lang='lat' dir='ltr'><strong>GI,</strong></span> <span class='ocrx_word' id='word_1_233' title='bbox 1734 3251 1840 3324; x_wconf 84' lang='lat' dir='ltr'><strong>ita</strong></span> <span class='ocrx_word' id='word_1_234' title='bbox 1885 3249 2081 3322; x_wconf 85' lang='lat' dir='ltr'><strong>Rad</strong></span> <span class='ocrx_word' id='word_1_235' title='bbox 2134 3249 2375 3338; x_wconf 77' lang='lat' dir='ltr'><strong>aliam,</strong></span> <span class='ocrx_word' id='word_1_236' title='bbox 2430 3249 2518 3337; x_wconf 91' lang='lat' dir='ltr'><strong>T,</strong></span> <span class='ocrx_word' id='word_1_237' title='bbox 2573 3247 2713 3320; x_wconf 89' lang='lat' dir='ltr'><strong>erit</strong></span> <span class='ocrx_word' id='word_1_238' title='bbox 2763 3245 2831 3318; x_wconf 93' lang='lat' dir='ltr'>T</span> 
     </span>
     <span class='ocr_line' id='line_1_39' title="bbox 758 3361 2828 3456; baseline -0.002 -21"><span class='ocrx_word' id='word_1_239' title='bbox 758 3362 1067 3436; x_wconf 85' lang='lat' dir='ltr'><strong>duarum</strong></span> <span class='ocrx_word' id='word_1_240' title='bbox 1110 3361 1517 3435; x_wconf 80' lang='lat' dir='ltr'><strong>mediarum</strong></span> <span class='ocrx_word' id='word_1_241' title='bbox 1570 3362 1764 3435; x_wconf 92' lang='lat' dir='ltr'><strong>inter</strong></span> <span class='ocrx_word' id='word_1_242' title='bbox 1818 3363 1886 3435; x_wconf 99' lang='lat' dir='ltr'>R</span> <span class='ocrx_word' id='word_1_243' title='bbox 1928 3373 2005 3436; x_wconf 92' lang='lat' dir='ltr'><strong>et</strong></span> <span class='ocrx_word' id='word_1_244' title='bbox 2039 3364 2089 3436; x_wconf 93' lang='lat' dir='ltr'>S</span> <span class='ocrx_word' id='word_1_245' title='bbox 2124 3363 2464 3436; x_wconf 81' lang='lat' dir='ltr'><strong>maxima.</strong></span> <span class='ocrx_word' id='word_1_246' title='bbox 2568 3362 2828 3456; x_wconf 80' lang='lat' dir='ltr'><strong>Itaque</strong></span> 
     </span>
     <span class='ocr_line' id='line_1_40' title="bbox 760 3474 2826 3567; baseline -0.001 -20"><span class='ocrx_word' id='word_1_247' title='bbox 760 3474 820 3547; x_wconf 91' lang='lat' dir='ltr'><strong>si</strong></span> <span class='ocrx_word' id='word_1_248' title='bbox 855 3498 1104 3548; x_wconf 88' lang='lat' dir='ltr'><strong>rursus</strong></span> <span class='ocrx_word' id='word_1_249' title='bbox 1137 3476 1269 3548; x_wconf 83' lang='lat' dir='ltr'><strong>fiat</strong></span> <span class='ocrx_word' id='word_1_250' title='bbox 1299 3486 1384 3548; x_wconf 91' lang='lat' dir='ltr'><strong>ut</strong></span> <span class='ocrx_word' id='word_1_251' title='bbox 1418 3476 1486 3548; x_wconf 99' lang='lat' dir='ltr'>R</span> <span class='ocrx_word' id='word_1_252' title='bbox 1519 3476 1615 3549; x_wconf 85' lang='lat' dir='ltr'><strong>ad</strong></span> <span class='ocrx_word' id='word_1_253' title='bbox 1647 3477 1733 3566; x_wconf 91' lang='lat' dir='ltr'><strong>T,</strong></span> <span class='ocrx_word' id='word_1_254' title='bbox 1774 3477 1881 3549; x_wconf 84' lang='lat' dir='ltr'><strong>ita</strong></span> <span class='ocrx_word' id='word_1_255' title='bbox 1910 3478 1974 3549; x_wconf 91' lang='lat' dir='ltr'>T</span> <span class='ocrx_word' id='word_1_256' title='bbox 2007 3476 2104 3550; x_wconf 86' lang='lat' dir='ltr'><strong>ad</strong></span> <span class='ocrx_word' id='word_1_257' title='bbox 2136 3477 2377 3567; x_wconf 82' lang='lat' dir='ltr'><strong>aliam,</strong></span> <span class='ocrx_word' id='word_1_258' title='bbox 2413 3475 2511 3563; x_wconf 90' lang='lat' dir='ltr'><strong>X,</strong></span> <span class='ocrx_word' id='word_1_259' title='bbox 2546 3474 2826 3547; x_wconf 85' lang='lat' dir='ltr'><strong>factum</strong></span> 
     </span>
     <span class='ocr_line' id='line_1_41' title="bbox 762 3587 1822 3684; baseline 0.004 -26"><span class='ocrx_word' id='word_1_260' title='bbox 762 3587 901 3660; x_wconf 89' lang='lat' dir='ltr'><strong>erit</strong></span> <span class='ocrx_word' id='word_1_261' title='bbox 937 3587 1136 3683; x_wconf 88' lang='lat' dir='ltr'><strong>quod</strong></span> <span class='ocrx_word' id='word_1_262' title='bbox 1167 3589 1628 3684; x_wconf 88' lang='lat' dir='ltr'><strong>propositum</strong></span> <span class='ocrx_word' id='word_1_263' title='bbox 1659 3590 1822 3662; x_wconf 87' lang='lat' dir='ltr'><strong>fuit.</strong></span> 
     </span>
    </p>

    <p class='ocr_par' dir='ltr' id='par_1_7' title="bbox 758 3700 2828 4025">
     <span class='ocr_line' id='line_1_42' title="bbox 857 3700 2827 3800; baseline 0.001 -28"><span class='ocrx_word' id='word_1_264' title='bbox 857 3700 1135 3773; x_wconf 90' lang='lat' dir='ltr'><strong>Eodem</strong></span> <span class='ocrx_word' id='word_1_265' title='bbox 1195 3701 1416 3775; x_wconf 91' lang='lat' dir='ltr'><strong>modo</strong></span> <span class='ocrx_word' id='word_1_266' title='bbox 1484 3702 1546 3776; x_wconf 92' lang='lat' dir='ltr'><strong>si</strong></span> <span class='ocrx_word' id='word_1_267' title='bbox 1599 3702 1971 3776; x_wconf 88' lang='lat' dir='ltr'><strong>trilineum</strong></span> <span class='ocrx_word' id='word_1_268' title='bbox 2026 3726 2116 3776; x_wconf 86' lang='lat' dir='ltr'><strong>ex</strong></span> <span class='ocrx_word' id='word_1_269' title='bbox 2184 3715 2500 3800; x_wconf 85' lang='lat' dir='ltr'><strong>quatuor</strong></span> <span class='ocrx_word' id='word_1_270' title='bbox 2564 3701 2827 3774; x_wconf 88' lang='lat' dir='ltr'><strong>mediis</strong></span> 
     </span>
     <span class='ocr_line' id='line_1_43' title="bbox 760 3813 2828 3914; baseline 0.001 -29"><span class='ocrx_word' id='word_1_271' title='bbox 760 3813 1205 3911; x_wconf 85' lang='lat' dir='ltr'><strong>descriptum</strong></span> <span class='ocrx_word' id='word_1_272' title='bbox 1259 3814 1376 3902; x_wconf 89' lang='lat' dir='ltr'><strong>sit,</strong></span> <span class='ocrx_word' id='word_1_273' title='bbox 1450 3815 1765 3888; x_wconf 88' lang='lat' dir='ltr'><strong>inveniri</strong></span> <span class='ocrx_word' id='word_1_274' title='bbox 1815 3826 2127 3912; x_wconf 86' lang='lat' dir='ltr'><strong>possunt</strong></span> <span class='ocrx_word' id='word_1_275' title='bbox 2178 3817 2441 3892; x_wconf 87' lang='lat' dir='ltr'><strong>mediae</strong></span> <span class='ocrx_word' id='word_1_276' title='bbox 2518 3839 2828 3914; x_wconf 90' lang='lat' dir='ltr'><strong>propor-</strong></span> 
     </span>
     <span class='ocr_line' id='line_1_44' title="bbox 758 3926 2198 4025; baseline 0.003 -27"><span class='ocrx_word' id='word_1_277' title='bbox 758 3926 1066 4001; x_wconf 81' lang='lat' dir='ltr'><strong>tionales</strong></span> <span class='ocrx_word' id='word_1_278' title='bbox 1102 3939 1413 4025; x_wconf 84' lang='lat' dir='ltr'><strong>quatuor</strong></span> <span class='ocrx_word' id='word_1_279' title='bbox 1444 3960 1463 4013; x_wconf 95' lang='lat'>;</span> <span class='ocrx_word' id='word_1_280' title='bbox 1518 3941 1591 4003; x_wconf 94' lang='lat' dir='ltr'><strong>et</strong></span> <span class='ocrx_word' id='word_1_281' title='bbox 1626 3930 1731 4003; x_wconf 92' lang='lat' dir='ltr'><strong>sic</strong></span> <span class='ocrx_word' id='word_1_282' title='bbox 1766 3929 1858 4004; x_wconf 91' lang='lat' dir='ltr'><strong>de</strong></span> <span class='ocrx_word' id='word_1_283' title='bbox 1893 3930 2198 4006; x_wconf 62' lang='lat' dir='ltr'><strong>caeteris,</strong></span> 
     </span>
    </p>
   </div>
  </div>
 </body>
</html>
