3182 5102
418 683 598 735 PARS
623 684 666 733 1.

353 3711 704 3777 Syllogismum

357 3795 464 3827 esse
485 3777 723 3826 collectio·

767 473 864 540 42
1250 487 1785 541 coMPu‘rA‘rm
1828 488 2017 540 slvu
2058 488 2386 541 Looch.

767 676 1069 727 necesse
1103 665 1241 743 est,
1277 664 1363 726 ut
1397 653 1496 727 ad
1528 652 1840 727 eandem
1869 677 2027 726 rem
2063 654 2640 739 determinetur3
2696 653 2848 726 sint

768 768 965 842 enim
997 767 1421 864 praemissae,

875 931 1197 1017 Quidam
1231 929 1444 1003 homo
1478 939 1597 1004 est
1632 954 1871 1004 σῶσαι·
1931 943 1963 1137 }
2003 931 2134 1004 ubi
2166 931 2453 1005 medius
2490 931 2851 1004 terminus

875 1044 1197 1131 Quidam
1223 1044 1432 1118 homo
1461 1054 1577 1119 est
1607 1045 1873 1120 doctu-5
2132 1057 2248 1119 est
2306 1046 2750 1142 subjectum,

769 1222 943 1296 Non
991 1234 1344 1320 sequetur
1374 1246 1619 1320 neque
1667 1247 1934 1297 coecum
1986 1222 2297 1318 alicujus
2332 1221 2560 1311 docti,
2607 1244 2851 1319 neque

766 1334 1064 1409 doctum
1123 1335 1434 1432 alicujus
1492 1335 1672 1410 caeci
1732 1358 2004 1409 nomen
2068 1358 2254 1424 esse,
2335 1358 2507 1407 cum
2571 1358 2845 1407 nomen

774 1448 1071 1522 doctum
1138 1473 1292 1522 non
1361 1449 1746 1522 contineat
1811 1472 2084 1522 nomen
2145 1471 2437 1537 caecum,
2498 1470 2639 1519 nec
2701 1448 2846 1520 hoc

765 1560 973 1648 illud,
1027 1586 1179 1635 non
1236 1572 1352 1634 est
1385 1584 1563 1658 ergo
1598 1584 1901 1634 necesse
1945 1561 2281 1634 utambo
2342 1559 2494 1632 sint
2545 1559 2849 1633 nomina

765 1675 1096 1771 ejusdem
1128 1674 1475 1765 hominiS,
1517 1674 1622 1747 sic
1659 1699 1752 1748 ex
1784 1674 2183 1772 praemissis
2210 1673 2326 1746 his

871 1887 1129 1961 Omnis
1166 1886 1375 1960 homo
1410 1896 1527 1959 est
1561 1886 1850 1960 animal

874 1999 1142 2074 omnig
1176 2024 1409 2099 equus
1434 2008 1553 2072 est
1579 1999 1867 2072 animal
1965 1950 2251 2024 medius⁸
2311 1949 2671 2023 terminus
2727 1962 2846 2024 est

1965 1839 2046 1911 in
2141 1837 2407 1933 quibus
2491 1836 2848 1910 ambabus

1871 1885 1907 2134 l
1962 2063 2477 2160 praedicatum,

768 2242 977 2315 Nihil
1069 2254 1444 2339 sequetur,
1531 2267 1708 2316 nam
1803 2267 1973 2316 cum
2066 2240 2356 2313 animal
2450 2241 2848 2338 utrobique

766 2355 1238 2429 indefinitum
1308 2356 1428 2447 sit,
1506 2357 1824 2453 ideoque
1890 2355 2327 2451 aequivaleat
2390 2355 2846 2451 particulari,

763 2471 1146 2567 possitque
1199 2471 1425 2544 homo
1481 2494 1641 2544 esse
1698 2469 2070 2568 quoddam
2124 2468 2420 2559 animal,
2479 2479 2557 2541 et
2615 2484 2849 2566 equus

762 2584 965 2659 aliud
1019 2586 1393 2682 quoddam
1445 2585 1742 2675 animal,
1797 2608 1951 2659 non
2000 2607 2303 2657 necesse
2339 2595 2454 2658 est
2502 2595 2590 2656 ut
2638 2582 2847 2656 homo

768 2699 867 2773 sit
900 2723 1173 2774 nomen
1209 2700 1406 2797 equi,
1461 2711 1594 2773 aut
1648 2723 1881 2796 equus
1934 2698 2279 2773 hominis,
2381 2697 2518 2771 Vel
2562 2697 2624 2771 si
2657 2721 2849 2794 prae-

761 2813 1007 2886 missae
1047 2813 1200 2886 sint

872 3086 1262 3173 Quoddam
1323 3085 1610 3159 animal
1661 3098 1777 3161 est
1848 3085 2235 3159 terminius
2270 3096 2385 3158 est
2429 3086 2843 3182 subjectum

879 2972 1353 3046 omnishomo
1365 2971 1783 3046 estauimal
1850 2973 1927 3045 in
1958 2996 2268 3070 quarum
2302 2971 2537 3045 altera
2558 2973 2843 3045 medius

961 3199 1399 3299 quadrupes
1784 2985 1819 3273 }
1847 3200 1925 3273 in
1960 3200 2196 3273 altera
2227 3198 2732 3295 praedicatum,

759 3374 934 3448 Non
1020 3387 1372 3472 sequetur
1455 3377 1861 3465 conclusio,
1941 3389 2339 3474 propterea
2406 3377 2611 3473 quod
2675 3402 2843 3451 cum

760 3512 1034 3562 nomen
1096 3487 1385 3561 animal
1437 3513 1590 3562 non
1648 3490 1747 3562 sit
1804 3490 2399 3580 determinatum,
2453 3502 2710 3586 potest
2763 3493 2844 3566 in

760 3600 996 3675 altera
1024 3602 1115 3674 de
1143 3601 1466 3692 homine,
1502 3602 1581 3675 in
1607 3602 1843 3675 altera
1872 3601 1963 3675 de
1997 3626 2150 3676 non
2171 3602 2473 3676 homine
2499 3602 2839 3702 intelligi.

861 3722 932 3787 6.
987 3715 1471 3788 Manifestum
1537 3727 1791 3788 autem
1870 3727 1986 3789 est
2053 3739 2142 3788 ex
2223 3717 2841 3813 praecedentibus,

355 3858 471 3893 nem
513 3843 719 3891 duarum
764 3828 1268 3924 syllogismum
1320 3828 1506 3901 nihil
1562 3828 1763 3902 aliud
1810 3852 1969 3902 esse
2021 3841 2294 3925 praeter
2329 3829 2842 3905 collectionem

355 3908 738 3987 propositionum

355 3990 409 4023 m
429 3989 577 4022 unam

356 4053 613 4088 summam.

763 3963 1065 4013 summae
1118 3966 1285 4038 quae
1342 3942 1430 4014 fit
1493 3965 1585 4014 ex
1640 3941 1924 4015 duabus
1984 3941 2616 4038 propositionibus
2677 3943 2843 4041 (per

763 4054 1160 4127 terminum
1221 4078 1688 4129 communem
1758 4077 1977 4151 quem
2043 4055 2361 4128 medium
2425 4057 2835 4153 appellant)

760 4167 957 4240 inter
991 4191 1071 4240 se
1106 4168 1525 4263 conjunctis
1555 4199 1575 4252 3
1631 4180 1708 4242 et
1740 4169 1849 4242 ita
1881 4167 2400 4266 syllogismum
2433 4193 2595 4243 esse
2628 4171 2838 4245 addi-

760 4280 1041 4355 tionem
1075 4280 1300 4354 trium
1334 4281 1741 4371 nominum,
1778 4282 1972 4357 sicut
2016 4281 2459 4381 propos-itio
2498 4282 2835 4359 duorum.
