3182 5102
743 475 839 538 64
1225 487 1754 540 COMPUTATIO
1798 488 1984 538 swn
2027 489 2348 540 Loch.

415 663 587 777 nugs
624 664 668 714 1·
841 654 1095 728 Tertio
1149 655 1314 729 loco
1349 655 1446 728 ad
1479 679 1736 729 eorum
1791 655 2342 751 inquisitionem
2391 656 2818 729 deveniemr

407 763 688 835 »ὴὲ
747 793 911 865 quae
959 770 1150 841 fiunt
1199 793 1291 842 ex
1348 781 1560 842 motu
1612 769 1957 864 partium,
2013 781 2099 842 ut
2150 770 2228 842 in
2277 794 2423 866 quo
2480 769 2819 843 consistit

384 866 680 995 Ϋζζξζῖζξί,
746 882 946 978 quod
973 882 1249 956 eaedem
1281 906 1425 971 res,
1462 881 1710 955 sensui
1745 894 1990 955 tamen
2026 882 2295 955 eaedem
2335 907 2485 956 non
2519 883 2818 956 videan-

385 996 592 1045 invemiss
745 1008 869 1068 tur
922 995 1053 1069 sed
1102 1007 1449 1078 mutatae3
1528 995 1778 1090 itaque
1836 995 2377 1091 investigantur
2431 996 2573 1069 hoc
2624 996 2814 1085 loco,

385 1062 446 1109 ad
467 1062 715 1110 scientiam

386 1126 592 1203 tgndepq
748 1108 1138 1205 qualitates
1173 1108 1576 1198 sensibiles,
1617 1108 1868 1205 quales
1898 1120 2094 1198 sunt,
2145 1108 2299 1198 lux,
2357 1109 2587 1198 color,
2650 1109 2816 1182 dia-

387 1190 701 1318 ζᾚὲζζωξῑ,
746 1220 1173 1319 phaneitas,
1228 1222 1601 1319 opacitas,
1664 1246 1910 1309 sonus,
1972 1220 2183 1308 odor,
2249 1246 2511 1318 sapor,
2576 1221 2813 1312 calor,

711 1332 1022 1431 frigus,
1059 1347 1136 1408 et
1169 1335 1455 1424 similia,
1494 1359 1659 1430 quae
1688 1334 1861 1431 quia
1893 1334 2050 1406 sine
2099 1333 2520 1430 cognitione
2576 1359 2817 1408 causae

743 1447 971 1543 ipsius
1006 1449 1365 1521 sensionis
1402 1447 1751 1544 cognosci
1785 1471 1936 1519 non
1956 1459 2290 1543 possunt,
2322 1447 2813 1521 consideratio

741 1584 1132 1633 causarum
1188 1560 1524 1645 visionis,
1586 1560 1919 1645 auditus,
1966 1558 2324 1655 offae-tus,
2378 1571 2674 1657 gustus,
2738 1574 2815 1635 et

745 1682 1019 1759 tactus,
1068 1673 1370 1746 tertium
1419 1673 1665 1745 locum
1707 1670 2095 1760 obtinebit,
2147 1671 2535 1767 qualitates
2568 1686 2814 1746 autem

745 1784 888 1857 illae
948 1784 1348 1881 praedictae,
1416 1784 2010 1879 mutationesque
2097 1808 2351 1857 omnes
2427 1785 2504 1857 in
2568 1785 2814 1858 locum

744 1909 1088 1993 quartum
1123 1896 1543 1970 differendae
1579 1907 1776 1985 sunt,
1809 1919 1972 1992 quae
1994 1896 2159 1970 duae
2190 1896 2813 1970 considerationes

745 2032 906 2081 eam
958 2021 1247 2105 partem
1297 2007 1781 2104 philosophiae
1843 2009 2230 2082 continent
2286 2033 2449 2105 quae
2507 2023 2814 2084 vocatur

743 2122 1069 2218 physica.
1174 2122 1260 2194 In
1295 2122 1409 2194 his
1445 2134 1764 2217 quatuor
1796 2123 2129 2217 partibus
2164 2123 2587 2195 continetur
2609 2124 2813 2219 quic-

746 2236 924 2331 quid
957 2236 1034 2308 in
1061 2236 1525 2332 philosophia
1574 2234 1917 2324 naturali,
1971 2236 2597 2310 demonstratione
2641 2262 2812 2334 pro-

742 2349 900 2445 prie
936 2349 1137 2423 dicta
1164 2348 1513 2446 explicari
1557 2360 1830 2445 potest.
1936 2348 2123 2421 Nam
2175 2350 2236 2421 si
2269 2349 2812 2445 phaenomenwn

741 2462 1186 2535 naturalium
1256 2462 1638 2560 speciatim
1706 2486 1927 2535 causa
1992 2462 2368 2537 reddenda
2434 2464 2554 2554 sit,
2630 2477 2815 2561 puta

745 2575 995 2671 quales
1033 2577 1182 2650 sint
1216 2589 1484 2666 motus,
1523 2588 1599 2648 et
1620 2576 1930 2648 virtutes
1954 2600 2345 2672 corporum
2375 2576 2811 2668 coelestium,

739 2705 818 2762 et
877 2690 1200 2785 partium
1259 2691 1608 2786 ipsorum,
1666 2712 1755 2761 ea
1809 2689 1996 2762 ratio
2061 2714 2150 2763 ex
2212 2690 2428 2762 dictis
2485 2692 2812 2765 scientiae

739 2802 1072 2897 partibus
1129 2802 1452 2899 petenda
1490 2816 1629 2889 est,
1666 2814 1795 2874 aut
1841 2803 2139 2875 omnino
2195 2804 2384 2876 ratio
2440 2828 2591 2877 non
2644 2807 2810 2895 erit,

741 2915 873 2988 sed
906 2918 1334 3011 conjectura
1368 2915 1673 2987 incerta.

841 3028 1017 3101 Post
1077 3028 1456 3124 physicam
1517 3027 1614 3099 ad
1666 3027 1971 3100 moralia
2023 3029 2463 3103 veniendum
2528 3044 2662 3120 est,
2735 3033 2811 3105 in

740 3167 886 3238 qua
914 3142 1476 3216 considerantur
1510 3154 1755 3214 motus
1784 3142 2218 3230 animorum,
2256 3167 2542 3239 nempe,
2580 3170 2811 3242 appe-

737 3256 946 3344 titus,
1011 3256 1332 3342 avers-ic,
1401 3280 1633 3343 amor,
1697 3253 2226 3344 benevolentia,
2291 3281 2490 3352 spe-9,
2553 3268 2808 3350 metus,

739 3368 887 3454 ira,
924 3368 1315 3457 aemulat-io,
1368 3367 1679 3454 invidia,
1716 3365 1850 3459 <5¹⁶-
1890 3393 2070 3464 quas
2107 3393 2362 3442 causas
2397 3369 2697 3457 habent,
2734 3385 2811 3444 et

740 3505 1047 3576 quarum
1106 3505 1353 3554 rerum
1400 3482 1577 3577 ipsae
1641 3505 1879 3554 causae
1934 3483 2129 3565 sint;
2211 3506 2375 3579 quae
2429 3482 2596 3557 ideo
2641 3498 2812 3579 post

740 3594 1120 3691 physicam
1178 3594 1714 3668 consideranda
1765 3606 1961 3683 sunt,
2016 3595 2189 3691 quia
2239 3619 2496 3668 causas
2532 3595 2811 3669 habent

740 3707 817 3778 in
885 3732 1104 3782 sensu
1174 3721 1250 3781 et
1315 3707 1867 3803 imaginatione,
1927 3732 2091 3803 quae
2161 3720 2334 3780 sunt
2397 3708 2810 3804 subjectum

743 3821 1383 3918 contemplationis
1437 3821 1784 3918 physicae.
1891 3822 2076 3894 Haec
2132 3833 2379 3894 autem
2434 3823 2682 3894 omnia
2720 3847 2808 3896 eo

741 3932 997 4008 ordine
1033 3959 1253 4031 quem
1288 3934 1439 4007 dixi
1473 3934 1985 4030 investiganda
2019 3958 2201 4023 esse,
2255 3958 2346 4006 ex
2381 3958 2469 4006 eo
2517 3949 2811 4009 constat

740 4046 935 4140 quod
988 4047 1294 4143 physica
1352 4046 1664 4144 intelligi
1724 4071 1873 4120 non
1942 4059 2253 4142 possunt
2313 4047 2454 4120 nisi
2508 4049 2807 4145 cognito

738 4172 945 4232 motu
997 4161 1122 4256 qui
1177 4173 1291 4233 est
1337 4160 1413 4232 in
1480 4161 1813 4256 partibus
1850 4185 2242 4256 corporum
2276 4161 2807 4250 minutissimis,

738 4295 976 4368 neque
1020 4273 1243 4346 talem
1279 4285 1560 4346 motum
1614 4275 1934 4369 partium
1969 4275 2112 4348 nisi
2153 4275 2451 4371 cognito
2489 4274 2666 4369 quid
2712 4275 2809 4347 sit

740 4385 939 4480 quod
971 4398 1256 4458 motum
1290 4386 1512 4458 efficit
1547 4385 1624 4458 in
1661 4388 1829 4474 alio,
1867 4411 2105 4483 neque
2141 4388 2282 4460 hoc
2324 4387 2465 4459 nisi
2504 4388 2808 4483 cognito
2898 4399 2907 4406 ’
