3182 5102
752 459 894 523 214
1236 471 1342 524 nu
1382 472 1890 525 RA‘rlomsus
1928 475 2316 528 Mormm.

399 643 578 694 PARS
602 642 709 693 111·
754 639 850 712 ad
882 636 1121 727 aliam,
1159 640 1220 712 E
1253 639 1325 712 H
1359 672 1378 724 ;
1432 651 1509 713 et
1556 665 1691 737 per
1748 642 1994 714 omnia
2037 652 2317 737 puncta
2369 638 2441 711 H
2496 637 2815 711 ducatur

518 710 593 761 17.

410 781 693 815 *w-—d
753 751 948 825 linea
975 753 1041 824 D
1064 753 1136 824 H
1162 754 1234 825 H
1265 753 1358 837 B;
1392 753 1966 850 habebimfflque
2001 755 2373 827 trilineum
2395 753 2541 824 BH
2558 750 2811 836 HDC‚

363 849 642 898 Earuudem

361 915 622 976 figurarum

364 979 618 1042 descriptio

364 1051 414 1093 et
433 1043 695 1108 productio.

759 864 956 961 quod
987 890 1172 939 voco
1207 890 1297 939 ex
1337 866 1579 939 media
1618 891 1814 951 una;
1868 867 2043 964 quia
2094 868 2171 939 in
2226 866 2461 938 tribus
2503 887 2814 961 propor-
2904 874 2920 893 ·

759 978 1177 1066 tionalibuS‚
1244 991 1330 1051 ut
1393 980 1453 1051 E
1477 981 1555 1068 F,
1617 980 1786 1065 EG,
1840 982 1900 1053 E
1927 982 2025 1069 H,
2092 980 2314 1052 unica
2373 990 2487 1051 est
2546 976 2814 1063 media,

756 1114 1021 1187 nempe
1053 1092 1113 1164 E
1135 1092 1239 1175 G;
1293 1105 1549 1188 estque
1577 1093 1951 1166 trilineum
1984 1094 2127 1167 hoc
2153 1088 2818 1189 parallelogrammi

760 1204 830 1298 ξ,
865 1228 1126 1301 nempe
1159 1205 1528 1301 parabola.
1631 1208 1912 1279 Rursus
1961 1208 2094 1279 fiat
2145 1219 2230 1279 ut
2280 1206 2341 1277 E
2364 1205 2428 1278 G
2478 1203 2573 1277 ad
2619 1204 2681 1275 E
2713 1203 2817 1289 H,

758 1319 866 1391 ita
895 1318 956 1389 E
980 1317 1052 1390 H
1090 1318 1185 1391 ad
1235 1318 1474 1401 aliam,
1527 1320 1587 1391 E
1616 1320 1649 1391 I
1683 1351 1702 1403 ;
1759 1320 2213 1415 ducaturque
2271 1319 2468 1392 linea
2518 1318 2578 1389 Β
2605 1316 2639 1387 I
2663 1317 2696 1387 1
2721 1316 2817 1402 D,

759 1430 1296 1528 habebiturque
1329 1431 1704 1504 trilineum
1738 1432 1800 1505 B
1825 1433 1859 1504 I
1883 1434 1916 1505 I
1940 1433 2006 1505 D
2035 1433 2094 1506 C
2128 1432 2328 1528 quod
2362 1443 2475 1504 est
2507 1429 2819 1526 paralle-

758 1544 1145 1640 logrammi
1210 1555 1362 1617 tres
1429 1556 1736 1638 quartae,
1804 1555 2258 1640 vocaturque
2327 1569 2373 1616 a
2444 1540 2822 1615 nonnullis

759 1657 1110 1753 parabola
1141 1658 1421 1731 cubica.
1523 1657 1801 1730 Eodem
1836 1658 2054 1731 modo
2091 1658 2150 1730 si
2187 1657 2511 1730 rationes
2549 1656 2626 1727 in
2679 1656 2742 1726 E
2763 1656 2827 1727 F

764 1781 1072 1866 sumptae
1150 1770 1456 1843 ulterius
1542 1771 2090 1858 continuentur,
2179 1779 2558 1864 emergent
2631 1766 2824 1839 trili-

763 1906 905 1955 nea
955 1894 1223 1956 caetera
1285 1881 1646 1956 columnae
1697 1883 1976 1979 primae.
2082 1881 2305 1957 Quod
2357 1904 2614 1953 verum
2658 1903 2825 1952 esse

766 1994 1236 2068 ostendemus
1269 1996 1413 2068 hoc
1447 1996 1689 2069 modo.
1794 1997 2179 2070 Ducantur
2229 2007 2452 2068 rectae
2476 1993 2636 2066 basi
2661 1994 2730 2066 D
2764 1994 2825 2066 C

764 2107 1153 2204 parallelae,
1213 2119 1300 2181 ut
1363 2110 1436 2182 H
1463 2111 1555 2198 K,
1614 2109 1678 2182 G
1699 2111 1805 2193 L;
1892 2110 2239 2206 quoniam
2274 2132 2451 2205 ergo
2510 2108 2570 2179 E
2593 2107 2651 2178 F
2707 2117 2826 2179 est

769 2220 865 2292 ad
917 2221 977 2292 E
1006 2219 1078 2292 H
1147 2222 1223 2294 in
1293 2221 1661 2316 duplicata
1725 2221 2007 2295 ratione
2091 2222 2151 2293 E
2175 2222 2230 2293 F
2321 2221 2415 2293 ad
2468 2221 2528 2291 E
2550 2219 2614 2292 G
2671 2219 2827 2291 sive

772 2332 921 2404 BC
991 2330 1086 2404 ad
1167 2333 1333 2422 BL,
1399 2332 1543 2405 hoc
1611 2345 1749 2422 est,
1821 2333 1970 2406 CD
2037 2332 2133 2405 ad
2193 2333 2364 2420 LG,
2418 2331 2570 2404 sive
2641 2330 2827 2403 ΚΜ

771 2444 866 2516 ad
921 2445 989 2516 K
1021 2445 1119 2530 H,
1177 2444 1320 2517 erit
1374 2446 1434 2517 Β
1465 2445 1524 2518 C
1590 2445 1687 2519 ad
1756 2446 1816 2518 B
1840 2446 1908 2517 K
1974 2446 2052 2517 in
2108 2444 2481 2541 duplicata
2537 2444 2828 2516 ratione

773 2558 1336 2642 KMadKH;
1390 2559 1520 2631 sed
1571 2571 1658 2632 ut
1710 2560 1857 2632 BC
1915 2559 2012 2632 ad
2073 2559 2252 2650 ΒΚ,
2314 2558 2423 2632 ita
2473 2558 2621 2631 DC
2672 2557 2829 2629 sive

774 2672 950 2745 KM
987 2670 1083 2743 ad
1120 2672 1186 2742 K
1220 2671 1336 2755 N;
1391 2683 1505 2743 est
1539 2696 1716 2768 ergo
1755 2672 1820 2744 K
1850 2673 1930 2745 M
1984 2672 2080 2745 ad
2130 2672 2292 2745 ΚΝ
2343 2672 2420 2744 in
2456 2670 2833 2766 duplicata

771 2785 1059 2858 ratione
1114 2785 1182 2856 K
1208 2785 1288 2857 M
1345 2783 1440 2857 ad
1496 2786 1564 2857 K
1597 2786 1669 2857 H
1703 2816 1722 2869 ;
1774 2784 2020 2881 idque,
2058 2786 2475 2880 ubicunque
2506 2795 2832 2879 ponatur

772 2909 978 2970 recta
1040 2896 1387 2993 parallela
1453 2899 1520 2970 K
1552 2899 1679 2983 M;
1749 2911 1863 2972 est
1933 2922 2110 2995 ergo
2178 2900 2416 2994 figura
2483 2897 2543 2969 B
2572 2898 2644 2969 H
2676 2897 2742 2968 D
2770 2896 2832 2968 C

775 3010 996 3106 dupla
1030 3009 1545 3106 complementi
1580 3012 1692 3084 sui
1730 3012 1790 3084 B
1822 3013 1894 3084 H
1919 3013 1985 3084 D
2006 3013 2095 3101 A,
2151 3023 2226 3085 et
2255 3010 2565 3106 proinde
2599 3010 2833 3082 totius

772 3121 1433 3219 parallelogrammi
1461 3127 1529 3217 {a
1581 3122 1863 3196 Eodem
1892 3122 2109 3195 modo
2148 3124 2210 3196 si
2231 3122 2544 3195 ducatur
2569 3120 2831 3208 OPIQ,

775 3234 1065 3307 ostendi
1099 3246 1347 3330 potest
1380 3235 1743 3307 rationem
1795 3236 1860 3308 Ο
1888 3235 1961 3309 Q
2010 3234 2106 3307 ad
2156 3235 2220 3307 O
2250 3234 2327 3323 P,
2379 3233 2458 3306 id
2492 3243 2628 3321 est,
2684 3233 2744 3305 B
2772 3233 2835 3306 C

776 3347 874 3420 ad
935 3347 992 3418 B
1016 3348 1106 3434 O,
1157 3346 1604 3443 triplicatam
1640 3371 1798 3420 esse
1832 3348 2139 3420 rationis
2195 3348 2259 3420 O
2284 3347 2357 3421 Q
2405 3347 2500 3419 ad
2550 3346 2698 3432 01,
2757 3357 2836 3418 et

776 3459 1086 3557 proinde
1120 3460 1431 3555 figuram
1468 3460 1528 3532 B
1552 3461 1586 3532 I
1610 3460 1677 3533 D
1703 3460 1762 3533 C
1794 3483 1952 3533 esse
1987 3460 2283 3556 triplam
2318 3458 2837 3555 complementi

780 3572 892 3644 sui
953 3571 1015 3644 B
1038 3571 1072 3642 Ι
1097 3572 1163 3644 D
1186 3572 1277 3660 A,
1330 3584 1406 3645 et
1466 3595 1599 3668 per
1654 3595 2110 3668 consequens
2170 3572 2399 3645 totius
2453 3571 2838 3669 parallelo-

780 3684 1092 3782 grammi
1125 3695 1277 3757 tres
1307 3696 1631 3780 quartaS,
1670 3697 1811 3757 etc.

881 3796 1243 3886 Secundo,
1305 3813 1391 3868 ut
1443 3795 1953 3870 describantur
2004 3797 2297 3870 trilinea
2345 3821 2510 3892 quae
2546 3809 2720 3870 sunt
2761 3798 2841 3872 in

781 3908 1109 4006 quolibet
1176 3910 1517 3982 ordinum
1586 3921 2191 3998 transversorum,
2250 3910 2668 3983 faciendum
2728 3923 2842 3985 est

779 4024 922 4096 hoc
987 4022 1232 4096 modo.
1372 4023 1486 4097 Sit
1550 4023 2310 4120 parallelogrammum
2384 4023 2493 4118 (in
2560 4025 2684 4120 fig.
2757 4026 2835 4117 3)

781 4136 851 4209 A
879 4137 939 4208 Β
970 4136 1028 4209 C
1054 4136 1145 4223 D,
1183 4138 1391 4233 cujus
1426 4136 1832 4232 diagonalis
1870 4138 1930 4209 Β
1961 4137 2027 4208 D
2058 4168 2077 4221 ;
2129 4137 2296 4210 volo
2332 4137 2409 4209 in
2445 4160 2533 4210 eo
2570 4137 2844 4210 descri-

780 4249 956 4323 bere
1012 4249 1328 4338 trilinea,
1393 4274 1557 4347 quae
1608 4251 1686 4322 in
1739 4251 2010 4324 tabella
2056 4252 2521 4348 praecedente
2556 4253 2843 4350 appello

783 4361 1078 4439 trilinea
1129 4387 1220 4434 ex
1256 4361 1516 4435 mediis
1553 4363 1812 4436 tribus.
1920 4364 2128 4437 Duco
2164 4365 2391 4462 igitur
2421 4365 2481 4436 E
2512 4366 2568 4437 F
2610 4365 2850 4462 paral:
