3182 5102
411 633 588 747 ΡΑῙέῗ
622 635 711 683 111.

442 770 688 805 b-r-ae

377 855 545 916 genet²
562 845 739 901 quanto

379 913 603 952 remotior
627 911 700 951 ent
713 918 742 950 a

381 969 520 1033 polis.

761 444 905 510 266
1242 459 1348 510 nn
1391 458 1901 511 auxomnus
1938 458 2326 509 Mo‘rmm.

772 625 880 720 (in
913 627 1038 722 fig.
1078 627 1155 720 3)
1196 627 1485 723 sphaera
1517 629 2096 724 cujus.centrum
2130 626 2223 716 A,
2260 625 2615 699 diameter
2647 624 2824 707 BC;

770 763 933 835 quae
1002 740 1289 847 sphaera
1354 740 1811 836 intelligatur
1882 740 2160 814 moveri
2225 751 2435 813 motu
2500 738 2827 834 simplice

765 852 1147 936 circulari;
1202 866 1279 927 et
1313 856 1469 949 ejus
1503 866 1749 939 motus
1799 853 1958 926 axis
1992 854 2090 927 sit
2122 865 2330 926 recta
2362 852 2428 925 D
2450 852 2536 940 E,
2574 874 2829 924 secans

766 965 1206 1039 diametrum
1241 967 1302 1038 Β
1326 966 1386 1038 C
1432 965 1528 1040 ad
1562 966 1873 1070 angulos
1908 977 2153 1039 rectos
2187 965 2265 1038 in
2299 964 2389 1037 A.
2495 963 2830 1037 Circulus

764 1090 1012 1151 autem
1049 1103 1267 1175 quem
1301 1079 1664 1164 describit·
1679 1070 2075 1176 quodlibet
2108 1079 2413 1175 sphaerae
2443 1086 2831 1174 punctum,

764 1203 948 1288 puta
982 1192 1068 1281 B,
1116 1192 1386 1266 habeat
1433 1182 1875 1265 diametrum
1917 1193 1978 1264 Β
2008 1193 2087 1264 F.
2191 1192 2644 1288 Sumptaque
2691 1190 2749 1261 F
2769 1188 2835 1262 G

765 1317 991 1378 rectae
1020 1305 1082 1378 B
1109 1306 1169 1378 C
1201 1306 1464 1401 aequali
1513 1318 1591 1379 et
1636 1305 1871 1379 divisa
1919 1305 2260 1378 bifariam
2307 1304 2387 1377 in
2437 1305 2537 1393 H,
2587 1302 2734 1376 erit
2765 1303 2836 1375 A

764 1432 936 1516 post
987 1418 1361 1494 dimidiam
1411 1420 1949 1493 revolutionem
1998 1419 2076 1493 in
2130 1418 2229 1491 H.
2331 1419 2429 1490 Et
2484 1416 2838 1513 quoniam

769 1533 841 1604 H
867 1533 946 1622 F,
983 1532 1051 1604 A
1071 1533 1133 1606 B
1167 1544 1342 1606 sunt
1375 1533 1718 1630 aequales‚
1766 1532 2082 1606 circulus
2126 1530 2538 1627 descriptus
2573 1542 2836 1602 centro

770 1646 871 1735 H,
917 1644 1124 1718 radio
1174 1645 1247 1718 H
1278 1646 1334 1717 F
1378 1647 1494 1719 vel
1541 1647 1614 1718 H
1657 1645 1743 1734 G,
1790 1645 2091 1741 aequalis
2149 1645 2292 1717 erit
2341 1642 2617 1718 circulo
2661 1665 2841 1715 cen-

770 1770 888 1831 tro
924 1758 1014 1847 A,
1050 1758 1257 1832 radio
1293 1759 1361 1831 A
1382 1759 1444 1832 B
1474 1759 1869 1856 descripto.
1974 1760 2072 1831 Et
2106 1757 2537 1832 continuato
2572 1756 2840 1829 eodem

772 1883 1002 1961 mot-u,
1036 1884 1207 1968 post
1238 1872 1547 1946 alteram
1582 1872 1959 1945 dimidiam
1994 1870 2531 1945 revolutionem
2561 1868 2844 1942 redibit

770 1996 1125 2079 punctum
1161 1985 1222 2056 B
1256 1985 1352 2059 ad
1384 1987 1628 2059 locum
1667 1984 1866 2058 unde
1905 1984 2185 2058 moveri
2219 1983 2464 2080 coepit.
2562 1982 2841 2055 Trans-

769 2095 1007 2169 fertur
1036 2097 1264 2193 igitur
1298 2110 1471 2194 post
1504 2097 1881 2171 dimidiam
1909 2096 2440 2171 revolutionem
2473 2107 2840 2192 punctum

772 2209 834 2282 Β
877 2208 974 2281 ad
1017 2211 1096 2300 F,
1141 2222 1218 2284 et
1262 2222 1503 2284 totum
1545 2210 2139 2307 hemisphaerium
2185 2209 2252 2281 D
2278 2209 2340 2282 Β
2360 2210 2421 2281 Ε
2473 2208 2550 2280 in
2601 2208 2840 2280 hemi-

771 2322 1164 2418 sphaerium
1190 2323 1266 2395 in
1303 2346 1450 2419 quo
1485 2335 1661 2396 sunt
1685 2335 1965 2420 puncta
1996 2324 2080 2411 L,
2104 2323 2199 2411 K,
2222 2322 2300 2394 F.
2403 2322 2842 2394 Retrocedit

773 2458 949 2531 ergo
1001 2435 1386 2531 liquidum,
1444 2436 1645 2533 quod
1701 2449 1980 2533 puncto
2042 2436 2098 2507 F
2158 2434 2588 2531 contiguum
2648 2445 2839 2524 erat,

772 2561 1063 2622 tantum
1092 2562 1370 2646 quanta
1398 2562 1511 2623 est
1539 2561 1745 2623 recta
1773 2549 1925 2639 BF,
1947 2548 2167 2645 idque
2198 2548 2456 2622 eodem
2477 2560 2839 2644 tempore.

772 2664 870 2735 Et
903 2662 978 2735 in
1013 2663 1260 2737 reditu
1306 2663 1564 2760 puncti
1605 2664 1661 2735 F
1692 2663 1789 2736 ad
1825 2663 1910 2752 B,
1946 2662 2024 2736 id
2058 2673 2195 2752 est,
2230 2661 2488 2758 puncti
2521 2660 2586 2734 G
2617 2661 2716 2734 ad
2752 2661 2838 2752 C,

770 2776 1207 2850 tantundem
1252 2777 1533 2850 recedit
1578 2775 1937 2872 liquidum
1990 2801 2036 2848 a
2079 2790 2359 2872 puncto
2412 2775 2472 2847 C
2522 2775 2599 2847 in
2639 2775 2843 2848 linea

772 2888 1072 2963 directa.
1211 2890 1456 2986 Atque
1524 2890 1684 2963 haec
1751 2889 1859 2962 ita
1938 2913 2019 2963 se
2093 2889 2370 2962 habent
2434 2888 2512 2961 in
2588 2888 2837 2962 medio

770 3003 1099 3099 sphaerae,
1134 3003 1263 3076 ubi
1300 3003 1654 3077 distantia
1686 3028 1733 3076 a
1763 3002 1953 3099 polis
1990 3014 2104 3076 est
2136 3002 2476 3074 maxima.

873 3117 1220 3191 Sumatur
1288 3119 1443 3213 jam
1522 3117 1601 3190 in
1680 3116 1936 3190 eadem
2011 3116 2298 3213 sphaera
2367 3126 2727 3212 punctum
2801 3115 2837 3186 1

768 3231 1070 3326 propius
1103 3231 1300 3327 polo,
1335 3254 1469 3327 per
1496 3230 1695 3326 quod
1730 3230 2042 3303 ducatur
2087 3240 2295 3301 recta
2328 3228 2454 3300 IK
2487 3227 2841 3323 parallela

772 3355 999 3416 rectae
1033 3344 1174 3416 BF
1208 3367 1464 3416 secans
1509 3367 1764 3416 arcum
1811 3342 1949 3414 FL
1997 3341 2074 3413 in
2117 3342 2212 3430 K,
2268 3353 2345 3413 et
2402 3361 2615 3413 axem
2669 3340 2741 3411 H
2774 3340 2839 3413 L

774 3455 851 3529 in
878 3457 985 3530 M.
1088 3456 1372 3530 Deinde
1431 3459 1693 3553 juncta
1755 3457 1827 3528 H
1861 3458 1954 3540 K,
2024 3455 2337 3528 ducatur
2396 3477 2616 3550 super
2674 3453 2747 3526 H
2780 3454 2838 3525 F

772 3570 1397 3667 perpendicularis
1434 3572 1501 3643 K
1525 3570 1623 3642 N.
1725 3569 2042 3642 Venient
2075 3592 2251 3664 ergo
2288 3567 2503 3640 simul
2536 3567 2598 3640 B
2623 3567 2719 3641 ad
2753 3568 2835 3656 F,

775 3696 852 3756 et
887 3684 920 3756 I
954 3683 1050 3757 ad
1085 3685 1198 3767 K;
1252 3695 1425 3756 sunt
1460 3683 1656 3756 enim
1688 3683 1749 3754 B
1778 3684 1856 3770 F,
1895 3682 1928 3754 I
1959 3683 2052 3771 K,
2091 3680 2431 3776 aequaleS,
2469 3692 2545 3752 et
2579 3679 2837 3754 eadem

776 3796 1164 3893 descriptae
1222 3797 1638 3870 velocitate.
1742 3796 1995 3869 Motus
2056 3806 2302 3868 autem
2362 3817 2495 3890 per
2550 3793 2583 3865 I
2612 3794 2680 3866 K
2738 3793 2838 3868 ad

772 3909 1132 4006 liquidum
1167 3909 1243 3982 in
1279 3910 1477 4006 quod
1509 3909 1689 4005 agit,
1739 3909 2084 3981 nimirum
2129 3907 2226 3981 ad
2256 3919 2542 4004 partem
2576 3906 2837 4002 liquidi

775 4047 935 4119 quae
970 4022 1321 4119 contigua
1353 4034 1464 4095 est
1511 4033 1791 4118 puncto
1841 4021 1937 4110 K,
1989 4020 2328 4117 obliquus
2374 4033 2509 4093 est.
2615 4019 2835 4094 Quod

775 4133 838 4206 si
871 4147 1116 4208 motus
1149 4133 1271 4206 ille
1304 4132 1545 4206 factus
1588 4144 1783 4207 esset
1812 4155 1948 4229 per
1979 4145 2259 4207 rectam
2297 4132 2370 4205 H
2395 4134 2487 4221 K,
2523 4155 2836 4228 perpen-

776 4247 1118 4323 dicularis
1148 4260 1362 4321 esset.
1462 4246 1713 4321 Minus
1733 4257 1983 4320 autem
2001 4258 2248 4321 movet
2268 4257 2511 4319 motus
2535 4245 2834 4318 veniens
