3182 5102
1142 497 1248 548 DE
1286 495 1851 550 ANALoelsMo.
2392 490 2525 555 149

560 672 679 737 23.
736 664 814 737 Si
849 664 999 738 sint
1035 679 1353 763 quatuor
1393 667 1995 763 proportionalia,
2053 669 2526 768 interponan-

458 787 582 849 tur
628 790 876 852 autem
922 792 1077 853 tam
1112 782 1307 854 inter
1355 780 1674 879 primum
1719 792 1795 853 et
1839 783 2264 874 secundum,
2303 810 2522 882 quam

457 890 651 965 inter
699 894 1002 966 tertium
1049 904 1125 966 et
1174 904 1521 990 quartum
1574 895 1897 968 medium
1944 898 2517 993 proportionale,

456 1004 598 1077 erit
624 1006 947 1080 medium
970 1009 1065 1081 ad
1088 1008 1411 1080 medium
1438 1019 1524 1081 ut
1542 1009 1860 1105 primum
1888 1011 1983 1083 ad
2010 1011 2336 1103 tertium,
2368 1014 2519 1088 sive

452 1130 539 1190 ut
567 1122 971 1195 secundum
1005 1123 1100 1195 ad
1128 1135 1495 1219 quartum.
1602 1122 1767 1196 Sint
1802 1124 1997 1197 enim
2033 1126 2124 1197 A.
2156 1125 2217 1198 B
2257 1154 2308 1198 2:
2349 1126 2429 1200 C.
2451 1127 2519 1200 D

449 1234 1054 1329 proportionalia,
1134 1237 1846 1333 intel-ponanturque
1918 1238 2109 1311 inter
2176 1240 2243 1311 A
2312 1252 2390 1313 et
2457 1242 2518 1315 B

450 1347 773 1421 medium
833 1350 918 1437 E,
982 1362 1058 1423 et
1123 1350 1320 1423 inter
1394 1349 1452 1422 C
1521 1363 1599 1423 et
1652 1350 1720 1423 D
1792 1352 2112 1425 medium
2167 1354 2247 1426 F.
2330 1353 2516 1428 Dico

448 1460 538 1532 A.
579 1460 637 1533 C
676 1489 738 1533 z:
776 1463 861 1535 E.
908 1464 964 1535 F
1012 1486 1170 1536 esse
1228 1463 1829 1559 proportionalia.
1934 1465 2153 1539 Ratio
2209 1467 2404 1540 enim
2449 1470 2516 1541 A

447 1573 544 1647 ad
577 1575 637 1646 E
676 1576 1188 1673 subduplicata
1222 1587 1334 1649 est
1354 1576 1662 1650 rationis
1697 1578 1764 1649 A
1799 1578 1893 1650 ad
1928 1577 1989 1650 B
2019 1579 2170 1652 sive
2206 1579 2264 1652 C
2299 1581 2395 1654 ad
2422 1581 2512 1655 D.

446 1690 691 1762 Etiam
743 1691 802 1763 C
853 1691 948 1764 ad
1001 1692 1057 1763 F
1098 1689 1612 1786 subduplicata
1662 1701 1773 1763 est
1822 1691 2129 1765 rationis
2184 1692 2242 1765 C
2289 1693 2386 1766 ad
2421 1693 2513 1767 D.

448 1804 638 1877 Sunt
679 1828 856 1901 ergo
891 1806 981 1877 A.
1021 1807 1080 1877 E
1120 1832 1182 1876 ει
1227 1803 1307 1876 C.
1345 1805 1401 1876 F
1444 1803 2049 1900 proportionalia,
2104 1825 2180 1878 et
2221 1830 2513 1902 permu-

445 1918 673 1991 tando
710 1918 799 1990 A.
840 1918 898 1991 C
935 1946 999 1990 τε
1035 1919 1119 1991 Ε.
1155 1919 1211 1990 F
1247 1930 1419 1992 sunt
1467 1918 2068 2014 proportionalia,
2121 1920 2321 2016 quod
2354 1932 2515 1995 erat

441 2033 927 2127 probandum.

544 2155 663 2218 24.
720 2146 968 2219 Dividi
990 2146 1262 2219 dicitur
1281 2146 1559 2243 aliquid
1578 2146 1655 2218 in
1679 2157 2081 2218 extremam
2102 2157 2179 2219 et
2197 2147 2511 2221 mediam

441 2259 829 2350 rationem,
861 2260 1154 2357 quando
1190 2273 1433 2335 totum
1475 2272 1550 2332 et
1596 2271 1843 2355 partes
1889 2270 2064 2333 sunt
2108 2261 2184 2333 in
2226 2262 2509 2335 ratione

444 2373 819 2446 continua.
923 2372 1258 2469 Exempli
1327 2397 1569 2461 causa,
1645 2372 1937 2468 quando
2007 2373 2246 2453 A÷B.
2306 2377 2396 2448 A.
2422 2376 2506 2449 B.

443 2498 617 2559 sunt
684 2487 1032 2561 continue
1093 2487 1703 2585 proportionaleS,
1759 2486 1877 2560 vel
1931 2498 2134 2562 recta
2183 2488 2249 2561 A
2292 2488 2350 2562 C
2404 2489 2510 2564 ita

442 2599 675 2674 divisa
696 2602 793 2674 sit
821 2602 898 2674 in
934 2602 1019 2691 B,
1056 2614 1142 2674 ut
1176 2602 1336 2692 AC,
1371 2602 1547 2690 AB,
1588 2602 1650 2674 B
1675 2601 1733 2674 C
1770 2601 1918 2674 sint
1950 2640 2017 2711 Α
2285 2640 2346 2713 Β
2448 2642 2507 2715 C

441 2714 518 2788 in
542 2716 831 2789 ratione
857 2716 1230 2789 continua.
1337 2715 1556 2791 Quod
1580 2716 1642 2788 si
1664 2715 1919 2787 eadem
1951 2757 2100 2767 —
2120 2737 2293 2782 1——
2314 2738 2493 2789 1—-

438 2830 508 2901 A
531 2829 590 2902 C
614 2828 849 2903 divisa
872 2854 1125 2903 rursus
1153 2830 1380 2903 fuerit
1414 2831 1490 2902 in
1525 2829 1618 2919 D,
1652 2841 1739 2902 ut
1773 2829 1922 2901 sint

438 2943 505 3014 A
529 2943 611 3030 C,
643 2943 700 3015 C
722 2944 814 3033 D,
844 2944 910 3016 A
934 2943 1002 3016 D
1038 2944 1387 3017 continue
1418 2943 2026 3040 proportionales,
2084 2954 2301 3014 erunt
2332 2944 2402 3015 A
2423 2944 2506 3033 C,

436 3057 505 3129 A
542 3057 627 3145 B,
676 3059 746 3130 A
774 3057 842 3130 D
879 3059 1226 3132 continue
1265 3057 1877 3154 proportionales»,
1931 3068 2006 3128 et
2039 3055 2506 3144 recurrendo,

440 3170 499 3244 C
532 3171 625 3260 A,
664 3171 723 3244 C
758 3171 850 3261 D,
908 3171 967 3244 C
1002 3172 1107 3256 B;
1171 3171 1372 3268 quod
1424 3171 1500 3244 in
1560 3170 1756 3243 linea
1807 3170 2022 3243 aliter
2081 3180 2283 3243 secta
2346 3171 2509 3244 fieri

436 3309 585 3357 non
619 3296 889 3381 potest.

536 3407 655 3472 25.
713 3398 791 3471 Si
813 3399 962 3471 sint
983 3398 1129 3471 tria
1155 3398 1503 3472 continue
1523 3397 2124 3495 proportionalia,
2154 3408 2229 3470 et
2254 3421 2506 3472 rursus

437 3512 581 3585 alia
622 3512 765 3585 tria
800 3511 1148 3585 continue
1183 3511 1784 3608 proportionalia,
1818 3510 2168 3584 habentia
2185 3510 2506 3583 medium

438 3626 834 3699 terminum
884 3625 1222 3712 eundem,
1276 3637 1494 3698 erunt
1549 3638 1878 3697 extrema
1920 3623 2293 3719 reciproce
2332 3647 2504 3719 pro-

430 3739 894 3836 portionalia.

536 3852 703 3925 Sint
751 3853 945 3924 enim
1002 3851 1093 3941 A,
1131 3851 1216 3940 B,
1255 3850 1337 3941 C,
1391 3864 1468 3924 et
1512 3873 1765 3923 rursus
1800 3850 1891 3938 D,
1923 3850 2007 3939 B,
2037 3850 2098 3922 E
2152 3849 2499 3923 continue

434 3965 1042 4063 proportionalia,
1093 3977 1311 4038 erunt
1347 3988 1640 4062 quoque
1667 3964 1756 4036 A.
1788 3964 1855 4037 D
1894 3992 1955 4035 z:
1992 3964 2075 4035 E.
2108 3962 2166 4035 C
2193 3988 2502 4060 propor-

431 4077 780 4162 tionalia;
833 4101 1006 4151 nam
1036 4079 1225 4151 ratio
1260 4079 1327 4150 A
1361 4077 1458 4150 ad
1491 4078 1558 4149 D
1596 4077 2064 4174 componitur
2097 4101 2186 4150 ex
2221 4079 2495 4150 ration-

431 4193 592 4265 ibus
621 4193 694 4265 A
722 4193 817 4265 ad
845 4192 906 4264 B
936 4202 1013 4265 et
1042 4192 1103 4264 B
1140 4191 1235 4264 ad
1267 4192 1359 4281 D,
1389 4203 1465 4264 et
1492 4192 1682 4265 ratio
1718 4192 1778 4263 E
1807 4191 1904 4264 ad
1938 4190 1996 4263 C
2031 4190 2496 4287 componitur

433 4330 520 4379 ex
555 4306 967 4380 rationibus
1002 4306 1062 4377 E
1097 4304 1193 4377 ad
1221 4304 1306 4394 B,
1361 4304 1507 4378 hoc
1555 4318 1669 4378 est
1704 4305 1765 4378 B
1810 4305 1908 4378 ad
1938 4305 2030 4394 D,
2073 4317 2149 4377 et
2184 4305 2245 4379 B
2280 4305 2377 4379 ad
2411 4303 2492 4394 C,

2589 686 2765 737 PARS
2793 688 2865 740 11.

2683 755 2755 804 1³.

2547 894 2737 943 Rationi
2741 912 2903 945 sssss
2936 896 2943 903 ’

2546 961 2691 1009 tinuae
2710 962 2927 1010 definitio

2545 1034 2592 1073 et
2603 1027 2926 1090 proprietates.
