3182 5102
757 451 902 517 418
1605 463 1987 516 PmrsicA.

379 638 553 686 mas
593 639 678 689 ¹V·
758 633 1186 706 differentiae
1232 644 1403 705 sunt
1449 643 1509 718 1,
1549 641 1621 718 3,
1657 641 1727 720 5,
1772 635 1841 720 7,
1898 634 2023 705 &c.
2080 631 2158 703 id
2206 643 2341 719 est,
2398 631 2686 704 numeri
2741 630 2838 703 ab

492 706 570 754 30.

417 776 699 809 b-v--ae
754 746 1035 818 unitate
1071 746 1414 841 deinceps
1449 746 1788 841 impareS.

420 2460 462 2493 ιτ

423 2520 494 2559 tor
566 2527 703 2575 aquoe

358 2578 435 2624 cui
461 2594 506 2623 st
550 2593 647 2625 mm

358 2651 493 2704 gunt,
512 2658 602 2689 non
618 2659 669 2690 se

359 2709 483 2754 tium
519 2708 675 2769 pondu

853 859 1131 931 Contra
1170 860 1552 955 gravitatis
1605 883 1904 931 causam
1955 858 2280 945 allatam,
2331 881 2594 954 nempe
2645 858 2837 930 aeris

753 971 1150 1067 superioris
1233 971 1652 1067 impulsum,
1740 971 2132 1067 objicietur
2214 972 2552 1060 fortasse,
2635 970 2837 1066 quod

749 1108 975 1176 grave
1046 1084 1268 1156 etiam
1337 1085 1414 1156 in
1464 1084 1697 1156 fundo
1768 1084 2210 1157 collocatum
2278 1084 2591 1180 alicujus
2672 1083 2834 1156 tubi

751 1196 1056 1270 concavi
1089 1197 1308 1269 ferrei
1343 1198 1459 1270 vel
1508 1197 1987 1286 adamantini,
2041 1197 2332 1270 inverso
2383 1196 2615 1270 fundo
2669 1195 2837 1297 des-

752 1332 1141 1382 censurum
1210 1334 1423 1393 esse;
1509 1310 1671 1383 fieri
1739 1324 1989 1382 tamen
2057 1334 2209 1382 non
2274 1334 2489 1405 posse
2557 1320 2641 1381 ut
2706 1332 2835 1381 aer
2963 1372 2984 1391 ,

753 1424 1086 1518 superior
1113 1423 1351 1519 ipsum
1379 1424 1721 1519 depellat,
1746 1423 2124 1518 multoque
2159 1423 2399 1495 minus
2426 1435 2512 1495 ut
2546 1433 2834 1495 motum

751 1537 908 1631 ejus
941 1537 1319 1609 acceleret.
1425 1535 2054 1610 Considerandum
2106 1547 2355 1608 autem
2402 1547 2536 1622 est,
2580 1535 2832 1630 hujus-

753 1648 951 1721 modi
1010 1650 1270 1721 tubum
1329 1650 1439 1721 vel
1500 1674 1889 1723 cavernam
1950 1673 2108 1722 esse
2161 1673 2308 1722 non
2370 1670 2609 1745 posse,
2664 1672 2833 1744 quae

751 1786 899 1834 non
970 1762 1111 1858 ipsi
1175 1774 1392 1847 terrae
1460 1763 1843 1852 innitatur,
1907 1762 2386 1858 innixumque
2445 1787 2595 1835 una
2658 1786 2829 1834 cum

748 1885 947 1946 terra
1011 1886 1217 1947 motu
1282 1875 1424 1948 hoc
1485 1899 1729 1948 aerem
1797 1876 2174 1972 rejiciente
2243 1875 2825 1971 circumferatur.

750 1986 918 2060 Quo
969 1986 1193 2075 fact0,
1227 1987 1501 2062 fundus
1545 1989 1706 2062 tubi
1751 2014 1886 2085 pro
1937 1990 2319 2085 superficie
2375 1989 2518 2062 erit
2583 2000 2830 2077 terrae,

746 2123 1135 2195 aeremque
1191 2101 1418 2173 imum
1471 2102 1849 2175 excutiens
1902 2102 2124 2175 faciet
2180 2114 2265 2174 ut
2318 2126 2445 2175 aer
2499 2124 2832 2175 summus

744 2235 966 2307 grave
1001 2213 1077 2286 in
1113 2234 1397 2288 summo
1443 2215 1625 2288 tubo
1659 2216 2004 2312 positum,
2041 2239 2127 2289 eo
2177 2216 2399 2288 modo
2449 2214 2575 2312 qui
2610 2238 2836 2310 supra

746 2326 1152 2420 explicatus
1189 2339 1327 2415 est,
1363 2328 1702 2424 depellat.

845 2447 916 2511 6.
972 2438 1157 2511 Cum
1224 2450 1433 2513 tanta
1500 2441 1597 2512 sit
1681 2452 2033 2535 quantam
2116 2441 2534 2537 experimur
2617 2463 2831 2534 aquae

652 2547 722 2626 erl
743 2553 1092 2647 gravitaS,
1130 2554 1517 2648 quaesitum
1552 2567 1662 2626 est
1697 2579 1743 2627 a
1775 2555 2172 2644 nonnullis,
2202 2555 2327 2649 qui
2360 2554 2520 2626 fieri
2553 2565 2828 2648 potest,

674 2660 720 2755 2]
745 2676 829 2737 ut
894 2666 1311 2739 urinatores
1381 2666 1458 2738 in
1526 2679 2172 2762 quantamcunque
2248 2665 2832 2764 profimditatem

747 2802 956 2873 aquae
991 2802 1070 2850 se
1112 2780 1578 2874 immergant,
1632 2780 2124 2852 incumbentis
2159 2792 2407 2852 tamen
2443 2779 2581 2852 sibi
2615 2803 2829 2874 aquae

747 2893 956 2965 molis
989 2892 1278 2989 pondus
1313 2917 1693 2988 nunquam
1728 2892 2101 2966 sentiant?
2203 2894 2428 2989 Cujus
2464 2892 2572 2964 rei
2606 2916 2830 2965 causa

744 3005 1038 3077 videtur
1072 3029 1232 3078 esse
1264 3006 1466 3079 haec:
1523 3006 1722 3101 quod
1767 3007 2344 3102 unumquodque
2378 3029 2827 3102 corpus-quo

742 3118 1036 3212 gravius
1083 3131 1214 3207 est,
1253 3130 1461 3193 tanto
1508 3119 1849 3192 deorsum
1905 3120 2144 3193 tendit
2200 3133 2470 3192 conatu
2523 3120 2823 3214 majore.

746 3230 893 3303 Sed
959 3254 1222 3326 corpus
1287 3232 1686 3304 humanum
1775 3233 1969 3305 mole
2037 3256 2271 3327 aquae,
2351 3255 2516 3327 quae
2581 3232 2823 3328 ipsum

743 3343 1245 3439 magnitudine
1280 3356 1545 3439 aequat,
1581 3345 1877 3441 gravius
1910 3357 2042 3419 est.
2120 3346 2251 3418 Est
2285 3369 2463 3442 ergo
2498 3345 2824 3441 corporis

740 3457 1064 3546 humani,
1103 3480 1321 3551 quam
1374 3481 1608 3552 aquae,
1644 3469 1949 3531 conatus
1996 3458 2335 3531 deorsum
2370 3459 2626 3553 major.
2727 3457 2825 3529 Et

742 3570 914 3665 quia
945 3570 1181 3644 omnis
1216 3582 1520 3644 conatus
1552 3582 1798 3644 motus
1833 3582 1965 3660 est,
2001 3571 2279 3644 feretur
2312 3571 2534 3643 etiam
2569 3592 2823 3642 versus

741 3684 1050 3756 fundum
1110 3696 1319 3756 motu
1376 3683 1740 3757 velociore
1794 3708 2059 3779 corpus
2111 3684 2539 3772 humanum,
2602 3706 2820 3779 quam

742 3797 1174 3869 tantundem
1213 3816 1444 3892 aquae.
1551 3798 1794 3893 Major
1842 3820 2017 3894 ergo
2070 3808 2183 3870 est
2231 3797 2508 3870 reactio
2558 3795 2819 3882 fundi;

742 3921 817 3982 et
850 3921 1153 3983 conatus
1188 3931 1474 3983 sur-sum
1524 3935 1660 4006 par
1704 3912 1999 3984 conatui
2034 3911 2399 4000 deorsum,
2451 3911 2603 3983 sive
2653 3932 2820 4005 pre·-

741 4035 983 4096 matur
1014 4047 1206 4119 aqua
1237 4023 1329 4095 ab
1369 4046 1583 4118 aqua,
1621 4025 1772 4097 sive
1807 4049 1854 4097 a
1886 4047 2214 4121 corpore,
2253 4023 2453 4119 quod
2501 4023 2597 4096 sit
2628 4045 2819 4117 aqua

739 4137 1053 4232 gravius.
1191 4138 1446 4233 Itaque
1514 4161 1559 4209 a
1624 4138 1920 4232 paribus
1988 4136 2343 4233 oppositis
2409 4135 2812 4224 conatibus,

740 4260 1042 4322 conatus
1076 4274 1285 4345 aquae
1329 4261 1638 4345 uterque
1673 4251 1980 4341 tollitur,
2017 4261 2092 4323 et
2126 4249 2441 4346 proinde
2474 4270 2809 4345 premere

737 4361 1186 4435 urinatorem
1222 4387 1365 4436 non
1402 4373 1664 4459 potest.
1753 4422 1758 4426 .
