3182 5102
1127 488 1234 538 DE
1275 488 1706 538 ME'rnono.
2363 468 2447 545 71

369 657 597 729 verba
656 655 752 727 ad
819 653 1426 750 significandum:
1481 652 1733 747 itaque
1796 652 2017 724 homo
2084 652 2454 724 solitarius
2521 664 2697 712 PARS
2736 664 2776 712 Ι.

368 769 851 866 philosophus
904 768 1066 839 fieri
1123 767 1281 840 sine
1335 767 1694 862 magistro
1749 777 2019 861 potest.
2124 764 2453 838 Adamus
2526 765 2773 833 »ὴὲ-κ

369 882 639 979 potuit.
746 882 894 954 Sed
955 880 1247 968 docere,
1305 879 1447 952 hoc
1511 890 1627 951 est
1683 877 2216 967 demonstrare,
2281 901 2452 974 sup-

370 995 584 1092 ponit
619 994 826 1083 duOS,
863 992 1420 1088 orationemque
1460 991 2013 1087 syllogisticam.

480 1118 591 1181 12.
648 1106 1021 1182 Quoniam
1067 1116 1317 1179 autem
1354 1104 1621 1177 docere
1658 1104 1860 1177 aliud
1912 1128 2064 1177 non
2101 1116 2214 1178 est
2267 1128 2454 1200 prae-
2482 1116 2858 1167 Demonstrandi

371 1333 566 1405 illius
602 1332 729 1428 qui
764 1331 1140 1404 docendus
1177 1342 1290 1403 est
1318 1330 1413 1403 ad
1451 1329 1923 1402 inventorum
1953 1330 2456 1426 cognitionem

369 1449 800 1546 perducere,
871 1447 1130 1521 eadem
1198 1447 1343 1520 erit
1422 1446 1815 1519 methodus
1900 1448 2456 1521 demonstrandi

372 1586 537 1657 quae
571 1561 815 1634 fuerat
871 1558 1390 1656 investigandi,
1444 1559 1586 1631 nisi
1642 1559 1840 1655 quod
1896 1583 2068 1655 pars
2122 1560 2455 1633 methodi

371 1676 574 1771 prior
631 1697 897 1770 nempe
954 1697 1118 1769 quae
1170 1672 1622 1769 procedebat
1680 1697 1726 1745 a
1781 1696 2001 1746 sensu
2051 1697 2298 1746 rerum
2359 1673 2454 1747 ad

371 1788 736 1884 principia
802 1787 1246 1860 universalia
1314 1786 1728 1859 omittenda
1794 1787 1912 1860 sit.
2027 1787 2164 1860 Illa
2230 1788 2448 1877 enim,

374 1926 540 1974 cum
596 1901 745 1973 sint
797 1900 1183 1996 principia,
1243 1899 1734 1972 demonstrari
1786 1924 1940 1973 non
1993 1914 2327 1998 possunt,
2376 1915 2452 1974 et

375 2039 544 2087 cum
579 2014 729 2087 sint
764 2025 945 2086 nota
977 2025 1288 2101 naturae,
1353 2012 1470 2106 (ut
1498 2011 1782 2085 dictum
1835 2026 1948 2087 est
2002 2038 2224 2111 supra
2277 2016 2456 2089 arti-

375 2128 539 2201 culo
587 2128 880 2223 quinto)
937 2126 1427 2224 explicatione
1487 2126 1787 2222 quidem
1841 2138 2088 2223 egent,
2149 2128 2451 2202 demon-

373 2240 732 2313 stratione
802 2264 952 2313 non
1021 2239 1223 2312 item.
1343 2240 1537 2312 Tota
1604 2239 1832 2335 igitur
1900 2239 2453 2314 demonstrandi

374 2352 764 2426 methodus
818 2352 1238 2450 synthetica
1292 2364 1429 2442 est,
1489 2352 1902 2426 consistens
1962 2354 2038 2425 in
2095 2355 2451 2428 orationis

374 2465 633 2539 ordine
696 2466 1120 2563 incipientis
1188 2490 1234 2538 a
1298 2464 1930 2562 propositionibus
1984 2466 2241 2563 primis
2299 2468 2451 2540 sive

374 2579 1012 2653 universalissimis
1064 2603 1198 2677 per
1253 2603 1331 2652 se
1383 2579 1805 2670 intellectis,
1842 2592 1919 2653 et
1951 2604 2085 2677 per
2116 2583 2452 2678 proposi-

375 2692 664 2766 tionum
706 2693 785 2765 in
829 2693 1291 2789 syllogismos
1347 2704 1784 2788 perpetuam
1840 2695 2452 2790 compositionem

374 2804 871 2901 procedentiS,
908 2805 1145 2878 donec
1179 2829 1225 2877 a
1261 2804 1591 2878 discente
1622 2805 2001 2880 intellecta
2022 2808 2119 2880 sit
2154 2808 2451 2881 conclu-

367 2917 604 2990 sionis
633 2917 966 3014 quaesitae
999 2908 1312 2990 veritas'

484 3040 595 3104 13.
651 3030 1023 3127 Principia
1056 3043 1304 3103 autem
1359 3030 1505 3120 illa,
1545 3031 1719 3103 solae
1756 3032 2221 3107 definitiones
2258 3045 2455 3124 sunt,
2481 3042 2800 3155 Dffinitiones

376 3168 688 3239 quarum
746 3144 892 3217 duo
948 3157 1122 3217 sunt
1175 3167 1474 3240 genera,
1530 3144 1676 3217 alia
1722 3146 1918 3218 enim
1973 3160 2146 3220 sunt
2202 3171 2458 3220 eorum
2481 3123 2828 3249 ἓῗρῖοἶῗὲὶῖιιεε

2480 3253 2660 3300 primas

2483 3302 2789 3351 universales.

375 3258 928 3346 vocabulorum,
994 3281 1159 3353 quae
1220 3280 1337 3329 res
1394 3257 1817 3352 significant
1872 3283 2181 3354 quarum
2238 3285 2460 3333 causa

377 3371 624 3467 aliqua
677 3370 992 3467 intelligi
1047 3382 1339 3467 potest3
1394 3370 1538 3443 alia
1585 3395 1842 3445 eorum
1905 3398 2068 3470 quae
2130 3397 2247 3447 res
2311 3375 2455 3472 sig-

378 3483 685 3556 nificant
720 3507 1031 3578 quarum
1082 3508 1304 3556 causa
1352 3483 1668 3581 intelligi
1723 3509 1872 3558 non
1926 3499 2195 3582 potest.
2302 3489 2458 3561 Pri-

381 3597 529 3669 oris
583 3597 876 3693 generis
934 3609 1109 3670 sunt
1163 3621 1431 3692 corpus
1488 3597 1642 3670 sive
1689 3600 2022 3690 materia,
2083 3601 2458 3696 quantitas

380 3709 531 3781 sive
614 3709 973 3798 extensiO,
1046 3721 1293 3783 motus
1373 3710 1826 3807 simpliciter,
1907 3713 2222 3810 denique
2297 3739 2459 3810 quae

379 3823 580 3895 omni
666 3823 997 3895 materiae
1069 3822 1346 3896 insunt.
1504 3825 1826 3897 Secundi
1903 3828 2194 3923 generis
2284 3842 2459 3901 sunt

379 3959 648 4032 corpus
715 3935 888 4024 tale,
972 3948 1216 4009 motus
1283 3937 1454 4009 talis
1524 3948 1601 4010 et
1668 3951 1944 4028 tantuS,
2020 3942 2455 4038 magnitudo

381 4060 616 4138 tanta,
687 4048 857 4121 talis
917 4050 1179 4145 figura,
1248 4049 1536 4146 aliaque
1605 4052 1853 4124 omnia
1914 4053 2179 4148 quibus
2227 4080 2457 4127 unum

380 4184 648 4258 corpus
694 4162 788 4234 ab
842 4161 986 4234 alio
1035 4161 1391 4258 distingui
1442 4175 1713 4259 potest.
1846 4165 2118 4239 Prioris
2163 4169 2456 4263 generis

378 4275 686 4347 nomina
763 4274 942 4347 satis
1021 4273 1472 4348 definiuntur
1549 4278 1612 4350 si
1691 4279 2023 4353 oratione
2101 4295 2458 4377 quantum

370 1232 710 1317 terquam
743 1243 877 1315 per
908 1218 1228 1315 propriae
1285 1217 1735 1290 inventionis
1771 1217 2085 1314 vestigia
2128 1218 2454 1290 animum
2480 1184 2842 1297 Ξῖἷῗοῖἀὲἷιῗμ
