3182 5102
604 464 717 529 xlii
1178 486 1347 531 πται
1380 486 1746 532 nomnium:
1777 487 2196 533 auersatum.

599 651 830 738 saepius
858 652 1192 718 convenire
1228 653 1522 741 dignatus
1562 668 1692 731 est3
1737 668 1802 718 et
1841 653 2149 741 insignem
2191 652 2511 719 scientiam
2567 663 2756 742 quam

600 788 942 875 plurimum
986 788 1347 866 admiratus,
1400 789 1644 854 iconem
1691 789 1826 874 ejus
1867 804 1933 854 et
1974 788 2166 855 libros
2212 789 2547 867 universos,
2593 791 2761 855 inter

600 926 912 991 rarissima
943 926 1353 993 Bibliothecae
1385 925 1698 993 Mediceae
1737 926 2013 1007 Κεῖμήλια
2060 927 2466 1014 reponendos,
2498 927 2756 993 domum

530 1066 538 1074 ’
600 1083 811 1126 secum
840 1061 1211 1148 deportavit.

687 1196 876 1263 Tunc
904 1198 1093 1264 etiam
1122 1199 1188 1262 in
1218 1197 1549 1263 academiis
1589 1197 1982 1284 aliquantum
2025 1198 2312 1263 obtinere
2338 1198 2529 1285 coepit
2557 1199 2758 1284 philo-

600 1333 819 1422 sophia
849 1334 1206 1413 Hobbiana,
1238 1349 1302 1400 et
1321 1336 1623 1421 juventus
1649 1335 2001 1402 academica
2023 1335 2087 1400 in
2120 1335 2380 1422 publicis
2409 1336 2758 1401 scholarum

600 1471 1080 1549 velitationibus,
1110 1472 1434 1559 opiniones
1466 1472 1836 1538 Hobbianas
1862 1472 2037 1538 haud
2057 1495 2199 1538 raro
2223 1471 2557 1537 defendere
2579 1471 2759 1536 solita

600 1621 715 1672 est.
806 1606 983 1671 Inter
1025 1607 1179 1673 alios
1208 1607 1439 1672 Daniel
1474 1607 1738 1696 Scargil‚
1775 1608 2006 1675 artium
2049 1607 2511 1689 baccalaureuS,
2538 1623 2603 1672 et
2630 1607 2758 1673 col-

597 1741 747 1829 legii
792 1744 1089 1830 Corporis
1134 1744 1371 1810 Christi
1414 1745 1479 1808 in
1523 1745 1844 1810 academia
1879 1746 2385 1833 cantabrigiensi
2412 1746 2631 1823 sociuS,
2660 1745 2759 1809 vir

599 1876 822 1943 fervidi
867 1895 933 1945 et
975 1881 1269 1966 praecocis
1312 1881 1570 1968 ingenii,
1631 1896 1698 1946 et
1741 1881 1885 1946 vitoe
1928 1881 2117 1968 paulo
2167 1881 2496 1958 solutioris,
2556 1880 2757 1945 theses

600 2016 902 2104 quasdam
947 2018 1259 2084 incautius
1301 2019 1529 2098 forsan,
1571 2041 1638 2085 et
1674 2021 1872 2085 nimia
1913 2044 2056 2085 cum
2101 2020 2442 2086 acrimonia
2481 2042 2757 2106 propug-

599 2155 790 2221 navit.
881 2155 1021 2221 Illae
1053 2172 1289 2233 autem,
1330 2173 1521 2244 prout
1557 2158 1718 2245 typis
1760 2158 2097 2223 academiae
2142 2156 2405 2244 publicis
2446 2179 2754 2242 expressae

597 2289 930 2370 habentur,
989 2292 1347 2379 hujusmodi
1404 2308 1586 2358 erant
1604 2302 1753 2356 :—“
1790 2298 1915 2360 Jus
1972 2298 2239 2360 dominii
2291 2297 2628 2380 fundatur
2684 2297 2755 2357 in

592 2429 1066 2512 potentia.”—“
1092 2432 1365 2496 Justitia
1389 2435 1650 2497 moralis
1661 2435 1897 2516 pendet
1925 2456 1968 2496 a
1995 2433 2282 2498 civilibm
2308 2429 2758 2497 institutis?—

593 2563 636 2596 “
658 2566 996 2647 Scriptura
1028 2567 1235 2631 Sacra
1255 2571 1325 2631 in
1346 2570 1540 2650 leqem
1561 2572 1845 2632 sancitur
1864 2569 2240 2632 solummodo
2266 2589 2350 2632 ex
2367 2569 2756 2632 authoritate

596 2698 1190 2783 mayistmtus.”—“
1238 2703 1534 2785 Suprema?
1597 2706 2009 2786 maqistratzoe
2061 2705 2278 2788 jussis,
2346 2707 2466 2768 etsi
2522 2704 2755 2786 leyibm

596 2837 847 2912 divinis,
888 2860 1023 2923 quoe
1074 2841 1152 2902 de
1200 2840 1480 2904 moribus
1525 2844 1678 2905 latoe
1725 2850 1896 2917 sunt,
1944 2845 2295 2917 contrarii-e,
2330 2841 2756 2925 obtemperare

594 2972 896 3056 oportet.”

684 3107 934 3182 Quibus
961 3108 1167 3188 aliam,
1205 3110 1405 3197 (quod
1432 3110 1731 3197 suspicari
1759 3110 1931 3192 licet)
1956 3110 2207 3176 invidiae
2225 3109 2531 3198 augendae
2552 3111 2756 3197 gratia

594 3257 1003 3309 attexuerunt
1027 3245 1181 3310 boni
1209 3268 1513 3322 censores,
1545 3269 1736 3334 quam
1753 3269 1870 3331 pro
1892 3245 2051 3312 thesi
2076 3246 2500 3334 philosophica
2526 3262 2750 3324 sumat,

596 3378 708 3464 qui
751 3377 936 3456 volet,
994 3380 1048 3444 si
1090 3380 1229 3467 quis
1271 3379 1429 3445 adeo
1471 3403 1675 3445 caecus
1731 3394 1862 3445 est:
1920 3389 1962 3422 “
1996 3385 2180 3452 Quod
2211 3385 2547 3465 ,olor-iosum
2588 3395 2751 3460 erat,-

594 3517 820 3579 atheus
844 3537 972 3579 esse
1009 3527 1072 3581 et
1108 3522 1408 3583 censeri-’⁹
1497 3517 1628 3582 Ista
1665 3509 1878 3582 autem
1918 3518 2140 3604 positio
2182 3540 2264 3582 ex
2312 3518 2754 3605 consequentia

595 3645 747 3712 dicti
804 3648 1127 3733 cujusdam
1188 3650 1347 3714 trahi
1398 3649 1647 3729 dicitur,
1707 3651 1879 3741 quod
1933 3652 2324 3740 gloriaretur,
2385 3676 2450 3717 se
2512 3653 2752 3738 Hobbii

592 3782 967 3869 discipulum
1026 3798 1217 3873 atque
1271 3785 1528 3851 atheum
1574 3810 1739 3852 esse:
1798 3789 2114 3854 vocabulis
2162 3812 2202 3854 a
2257 3789 2616 3854 censoribus
2664 3789 2752 3854 ita

593 3917 805 3983 odiose
850 3918 1180 4006 dispositis,
1234 3936 1533 4008 tanquam
1586 3923 1754 3989 idem
1796 3939 2089 3990 sonarent
2136 3925 2512 3990 Hobbianus
2561 3939 2752 4012 atque

592 4054 831 4119 atheus.

680 4193 990 4282 Theologi
1017 4211 1250 4279 autem,
1271 4198 1381 4285 qui
1411 4198 1478 4262 in
1521 4198 1853 4263 academiis
1895 4221 2138 4285 semper
2185 4213 2475 4286 regnant,
2517 4198 2752 4285 quique

592 4327 659 4391 in
690 4350 821 4393 rem
852 4353 1027 4395 suam
1055 4347 1167 4397 aut
1193 4333 1520 4398 commoda
1548 4336 1947 4420 peccantibus
1990 4332 2161 4400 haud
2191 4334 2369 4399 facile
2397 4335 2746 4421 ignoscunt,

590 4464 770 4530 illum
828 4489 942 4553 pro
992 4482 1210 4533 senatu
1260 4469 1636 4550 academico,
1689 4473 1798 4559 qui
1848 4473 2036 4537 etiam
2096 4494 2175 4535 ex
2233 4471 2377 4557 ipsis
2434 4470 2748 4556 praecipue
