3182 5102
909 466 1015 518 DE
1054 465 1321 519 CAUSA
1358 466 1460 518 ET
1499 466 1894 519 EFFEc'rU.
2308 453 2437 519 lll

369 635 627 730 Itaque
663 658 890 707 causa
930 648 1177 709 motus
1235 636 1316 708 in
1374 658 1685 732 corpore
1739 635 1943 707 nulla
2000 645 2141 724 est,
2184 633 2330 707 nisi
2374 634 2454 708 in
2501 643 2678 758 PAR?
2714 643 2789 693 11·

365 748 720 844 contiguo
757 759 834 820 et
867 760 1100 822 moto,
2511 744 2794 816 »εἰ-ν

465 860 746 935 Eadem
776 862 1066 936 ratione
1098 862 1400 959 probari
1427 873 1680 959 potest
1703 862 2058 959 quicquid
2084 873 2448 952 movetur,

366 974 626 1048 eadem
658 975 779 1049 via
819 988 895 1049 et
927 976 1321 1050 velocitate
1367 999 1660 1071 semper
1709 999 2250 1071 processurum,
2306 975 2450 1048 nisi

367 1089 461 1161 ab
496 1088 643 1161 alio
676 1089 1054 1186 contiguo,
1109 1102 1189 1163 et
1240 1100 1445 1162 moto
1502 1113 1811 1186 corpore
1853 1089 2320 1185 impediatur,
2374 1100 2452 1161 et

368 1201 681 1298 proinde
713 1225 954 1299 neque
990 1202 1445 1300 quiescentia
1478 1225 1718 1299 neque
1751 1202 2192 1299 interposito
2214 1226 2449 1276 vacuo

367 1315 520 1389 ulla
553 1338 867 1411 corpora
899 1326 1187 1388 motum
1238 1316 1316 1388 in
1349 1315 1495 1389 alio
1545 1339 1856 1412 corpore
1904 1326 2035 1388 aut
2068 1338 2449 1411 generare,

369 1440 500 1502 aut
533 1428 989 1524 extinguere,
1018 1439 1148 1501 aut
1175 1428 1507 1502 minuere
1540 1452 1781 1525 posse.
1884 1430 2020 1501 Est
2048 1428 2175 1524 qui
2204 1429 2457 1524 quieta

366 1542 593 1614 motis
641 1542 876 1638 magis
930 1542 1274 1615 resistere
1323 1541 1645 1638 scripsit,
1707 1566 1931 1638 quam
1992 1566 2084 1614 ex
2138 1541 2452 1615 adverso

367 1667 602 1742 motu,
638 1679 727 1728 eo
763 1656 965 1753 quod
998 1656 1322 1752 quietem
1356 1680 1579 1753 quam
1626 1667 1914 1729 motum
1945 1656 2184 1730 motui
2215 1655 2453 1751 magis

369 1769 825 1843 contrarium
859 1793 1019 1842 esse
1055 1770 1511 1843 existimaret
1541 1800 1561 1853 3
1617 1768 1970 1865 deceptus
2003 1792 2209 1858 voce,
2254 1768 2457 1864 quod

371 1883 672 1956 uomina
701 1882 915 1980 quies
951 1894 1028 1955 et
1075 1892 1312 1955 motus
1368 1881 1950 1956 contradictoria
2007 1892 2227 1967 sunt3
2282 1906 2455 1956 cum

369 2007 619 2069 tamen
681 1996 884 2093 quod
941 1996 1039 2069 ad
1098 2019 1257 2070 rem
1314 1997 1612 2085 attinet,
1674 2006 1963 2093 pugnat
2020 2018 2193 2068 cum
2244 2006 2457 2069 motu

372 2121 617 2183 motus
651 2109 1027 2200 adversus,
1063 2109 1271 2206 quies
1306 2133 1458 2183 non
1491 2120 1801 2206 pugnat.

471 2231 540 2295 8.
596 2222 821 2297 Quod
881 2223 943 2295 si
1012 2246 1279 2320 corpus
1347 2247 1580 2296 unum
1642 2222 1720 2296 in
1791 2221 1993 2296 aliud
2057 2234 2236 2318 agat
2301 2245 2452 2294 uno
2481 2244 2694 2310 Agentis

373 2347 730 2432 tempore,
766 2348 843 2410 et
886 2336 1153 2409 deinde
1195 2337 1393 2410 idem
1446 2360 1740 2433 corpus»,
1798 2336 1876 2409 in
1931 2335 2131 2409 idem
2188 2358 2455 2432 corpus
2480 2319 2538 2425 {2
2572 2313 2877 2437 egfnffiver,

376 2449 522 2521 alio
556 2460 888 2546 tempore
922 2461 1122 2547 agat,
1166 2450 1388 2523 modo
1424 2474 1652 2548 agens
1686 2449 1805 2523 vel
1849 2448 2181 2546 quiescat
2214 2460 2458 2522 totum
2481 2443 2567 2557 :2¹
2581 2444 2879 2559 “ffffiirlif'g

378 2575 455 2637 et
484 2588 656 2660 pars
691 2564 849 2660 ejus
883 2588 1388 2661 unaquaeque;
1443 2565 1562 2638 vel
1602 2564 1696 2657 (si
1730 2564 2146 2658 moveatur)
2195 2563 2456 2637 eodem
2480 2574 2729 2651 diagonia.

376 2676 596 2750 modo
629 2688 1016 2750 moveatur
1050 2688 1127 2750 et
1164 2689 1429 2766 totum,
1482 2689 1562 2750 et
1591 2700 2054 2774 unaquaeque
2088 2678 2247 2774 ejus
2283 2701 2454 2774 pars
2480 2654 2573 2753 ἷιῗῖ
2576 2638 2668 2769 ¹1¹2ss
2676 2640 2876 2755 ᾱιιῖἷῗιῗ

377 2790 569 2864 sicut
602 2802 820 2874 ante;
878 2801 955 2863 et
990 2790 1192 2887 quod
1228 2789 1319 2863 de
1354 2801 1623 2887 agente
1653 2790 1937 2864 dictum
1966 2802 2108 2880 est,
2137 2790 2335 2863 idem
2362 2790 2455 2863 de

377 2905 708 3001 patiente
741 2903 1224 3001 intelligatur,
1252 2905 1362 2977 ita
1394 2915 1482 2977 ut
1512 2904 1719 2977 nulla
1747 2905 1843 2977 sit
1869 2904 2287 2978 differentia
2311 2904 2457 2977 nisi

378 3016 456 3091 in
492 3017 974 3114 temporibus,
1018 3016 1099 3090 id
1131 3029 1247 3091 est
1286 3017 1430 3091 nisi
1461 3028 1550 3090 ut
1605 3016 1802 3091 actio
1837 3040 1987 3090 una
2029 3017 2236 3114 prior
2268 3028 2459 3089 tem·

378 3153 582 3226 pore,
637 3130 783 3204 alia
827 3130 1198 3227 posterior
1242 3130 1393 3215 sit3
1456 3129 1932 3203 manifestum
1986 3154 2121 3226 per
2174 3153 2255 3203 se
2314 3141 2454 3221 est,

381 3245 685 3317 effectus
742 3244 905 3317 fore
967 3244 1309 3340 aequales,
1373 3242 1837 3340 similesque3
1901 3243 2058 3316 solo
2122 3255 2455 3340 tempore

383 3356 735 3431 diversos.
871 3358 969 3430 Et
1037 3357 1230 3431 sicut
1294 3357 1438 3454 ipsi
1506 3358 1815 3430 effectus
1880 3381 1929 3430 a
1995 3356 2235 3431 causis
2304 3356 2456 3429 suis

379 3469 741 3559 oriuntur,
785 3470 895 3543 ita
933 3470 1440 3544 diversitatem
1486 3494 1781 3567 quoque
1829 3493 2087 3543 eorum
2136 3494 2182 3543 a
2216 3469 2457 3544 diver-

382 3584 603 3657 sitate
640 3607 1028 3657 causarum
1063 3583 1502 3681 dependere.

478 3704 552 3769 9.
607 3697 776 3770 Ηοο
809 3696 1084 3794 posito,
1115 3720 1417 3771 necesse
1453 3708 1568 3770 est
1599 3708 1687 3769 ut
1719 3696 2035 3770 mutatio
2070 3696 2271 3770 aliud
2302 3721 2457 3772 non
2514 3708 2727 3787 omuga,

384 3810 481 3884 sit
510 3821 783 3907 praeter
806 3810 1130 3907 partium
1164 3810 1494 3908 corporis
1526 3810 1798 3884 mutati
1824 3822 2135 3884 motum.
2207 3810 2454 3885 Primo
2513 3784 2841 3890 {¹32⁸ssssssss

383 3924 579 3996 enim
608 3924 884 3997 mutari
922 3923 1108 3997 nihil
1151 3924 1463 3998 dicimus
1509 3934 2005 4020 praeterquam
2055 3924 2257 4021 quod
2291 3948 2457 3998 sen-

384 4036 583 4110 sibus
627 4038 902 4111 nostris
956 4037 1173 4111 aliter
1217 4048 1528 4135 apparet
1583 4060 1807 4133 quam
1859 4048 2035 4110 ante
2088 4038 2455 4135 apparuit.

387 4148 750 4236 Secundo,
833 4148 979 4223 illae
1066 4150 1517 4247 apparentiae
1586 4160 1762 4223 sunt
1844 4150 2082 4223 ambae
2150 4151 2457 4224 effectus

387 4261 727 4357 producti
791 4262 871 4335 in
950 4263 1317 4336 sentiente
1356 4292 1375 4347 ;
1451 4261 1704 4359 itaque
1772 4262 1835 4335 si
1901 4263 2174 4336 diversi
2258 4275 2459 4354 sunt,

388 4398 683 4450 necesse
716 4388 831 4450 est
868 4400 1003 4474 per
1034 4376 1604 4474 praecedentem,
1651 4388 1739 4450 ut
1776 4376 1892 4451 vel
1949 4377 2237 4475 agentis
2283 4401 2456 4475 pars
