3182 5102
803 495 911 547 nn
952 495 1380 548 nmvnaso
1421 495 1524 547 ET
1564 495 2065 548 sumamus,
2322 474 2466 555 337

378 667 545 761 jus:
601 662 824 760 quod,
859 663 1122 760 inquit,
1158 662 1558 737 absurdum
1602 675 1737 736 est.
1843 663 2114 736 Similis
2160 662 2464 735 demon·
2534 646 2712 784 PMJ}
2736 670 2826 720 IV·

388 777 651 851 stratio
674 788 787 850 est
807 801 894 850 ac
921 777 982 850 si
1004 777 1168 872 quis
1197 801 1288 850 ex
1309 801 1422 865 eo,
1452 776 1653 873 quod
1677 800 2151 851 numerorum
2175 775 2463 872 parium
2551 806 2838 841 κ--ν-ν

387 914 735 965 numerus
801 892 890 962 fit
954 890 1307 980 infinituS,
1378 890 1689 963 totidem
1758 913 1916 963 esse
1991 889 2464 963 concluderet
2488 866 2779 980 ἓξᾌῗζξξο

388 1026 732 1077 numeros
785 1026 1000 1098 pares
1054 1014 1236 1098 quot
1296 1014 1470 1075 sunt
1524 1002 1955 1098 simpliciter
2010 1003 2320 1091 numeri,
2384 1001 2464 1074 id
2486 996 2832 1110 fflffibua

388 1128 525 1206 est,
578 1139 790 1212 pares
842 1127 918 1187 et
965 1115 1281 1210 impares
1335 1114 1551 1187 simul
1607 1116 1906 1211 sumpti.
2009 1116 2279 1188 Nonne
2338 1115 2466 1211 qui

390 1229 879 1304 aeternitatem
912 1226 1167 1301 mundi
1201 1228 1305 1300 sic
1334 1227 1630 1318 tollunt,
1682 1227 1939 1301 eadem
1986 1252 2209 1325 opera
2242 1228 2465 1301 etiam

389 1342 646 1416 mundi
687 1342 1058 1415 conditori
1104 1340 1598 1415 aeternitatem
1635 1340 1957 1414 tollunt?
2063 1342 2322 1436 Itaque
2372 1342 2467 1414 ab

389 1457 532 1529 hoc
567 1455 886 1529 absurdo
921 1455 998 1527 in
1041 1454 1243 1528 aliud
1274 1454 1636 1543 incidunt,
1687 1454 1927 1527 coacti
1975 1454 2468 1528 aeternitatem

389 1595 578 1642 nunc
645 1578 883 1654 stans,
950 1579 1027 1641 et
1092 1591 1562 1641 numerorum
1630 1568 2004 1641 infinitum
2078 1591 2467 1642 numerum

390 1683 750 1755 unitatem
785 1682 1050 1772 dicere,
1108 1682 1307 1778 quod
1353 1681 1588 1754 multo
1641 1692 1754 1754 est
1804 1680 2213 1755 absurdius.
2318 1680 2468 1753 Cur

392 1794 590 1868 enim
623 1795 996 1869 aeternitas
1032 1794 1345 1867 dicenda
1368 1805 1483 1866 est
1515 1819 1706 1867 nunc
1734 1804 1949 1867 stans
1969 1794 2219 1890 potius
2248 1816 2468 1889 quam

392 1918 567 1981 tunc
615 1918 828 1981 stans
851 1913 895 1981 Β
994 1909 1233 1981 Erunt
1282 1931 1459 2004 ergo
1511 1908 1629 1980 vel
1682 1908 1936 1981 multae
1990 1907 2465 1995 aeternitateS,

393 2022 508 2095 vel
543 2047 730 2094 nunc
771 2033 847 2094 et
892 2031 1065 2093 tunc
1098 2020 1295 2093 idem
1345 2020 1887 2117 significabunt.
1993 2020 2180 2093 Cum
2210 2020 2468 2117 hujus-

393 2135 595 2208 modi
662 2133 1372 2208 demonstratoribus
1439 2132 1947 2232 ᾰλλογλὼσσοις
1998 2135 2214 2207 nobis
2265 2133 2470 2206 nulla

393 2248 564 2321 iniri
621 2260 870 2344 potest
923 2248 1350 2344 disputatio
1456 2248 1648 2320 Sunt
1696 2260 1946 2322 autem
2003 2248 2081 2336 ii,
2136 2248 2262 2344 qui
2314 2260 2469 2320 tam

395 2361 712 2436 absurde
751 2362 1311 2448 ratiocinantur,
1363 2386 1514 2434 non
1560 2361 1838 2451 idiotae,
1881 2362 2033 2451 sed,
2085 2361 2350 2457 quibus
2390 2361 2469 2434 id

395 2476 693 2549 minime
728 2476 1258 2573 ignoscendum
1283 2487 1417 2565 est,
1446 2486 1867 2573 geometrae,
1895 2487 1972 2548 et
2000 2475 2125 2572 qui
2158 2475 2469 2547 aliorum

392 2588 776 2663 hominum
831 2590 1544 2663 demonstrationum
1603 2590 1892 2686 judices
1961 2613 2119 2662 esse
2186 2590 2468 2683 volunt,

394 2704 630 2799 inepti
666 2703 983 2800 quidem,
1029 2704 1158 2777 sed
1196 2704 1450 2777 severi.
1556 2703 1796 2776 Causa
1841 2714 1975 2792 est,
2025 2703 2222 2799 quod
2256 2703 2471 2776 simul

397 2841 485 2889 ac
538 2816 840 2890 vocibus
895 2817 1171 2912 infiniti
1224 2828 1300 2888 et
1354 2816 1643 2906 ceterni,
1714 2817 1978 2913 quibus
2039 2817 2145 2889 rei
2199 2816 2471 2890 nullius

397 2930 892 3003 substernitur
941 2930 1017 3002 in
1070 2931 1340 3020 animo,
1393 2943 1666 3026 praeter
1714 2930 1944 3026 ipsius
1996 2930 2472 3026 comprehen-

399 3043 626 3116 sionis
691 3042 1009 3139 propriae
1072 3043 1463 3134 defectum,
1519 3044 1709 3132 idea,
1771 3044 2042 3117 irretiti
2096 3056 2293 3131 sunt,
2345 3057 2474 3118 aut

400 3156 697 3229 absurdi
730 3157 1008 3253 aliquid
1036 3156 1430 3231 dicendum
1478 3170 1616 3246 est,
1669 3170 1822 3245 aut,
1869 3158 2065 3254 quod
2099 3158 2475 3230 molestius

399 3281 534 3359 est,
565 3269 982 3342 tacendum.
1089 3271 1336 3344 Habet
1364 3272 1561 3344 enim
1586 3271 1995 3367 geometria
2019 3270 2268 3344 nescio
2298 3271 2476 3367 quid

398 3383 572 3455 vino
607 3382 864 3471 simile,
907 3407 1162 3457 recens
1208 3384 1462 3469 inflat3
1518 3409 1689 3458 cum
1724 3383 2194 3474 deferbuerit,
2231 3384 2473 3458 minus

400 3496 614 3569 dulce
669 3509 805 3585 est,
861 3497 990 3569 sed
1033 3500 1267 3594 juvat.
1373 3498 1747 3594 Quicquid
1798 3522 1975 3595 ergo
2025 3522 2281 3571 verum
2337 3511 2473 3587 est,

397 3607 596 3681 idem
631 3607 1134 3682 demonstrare
1156 3634 1232 3683 se
1252 3634 1471 3706 posse
1496 3623 1714 3706 putat
1739 3610 2144 3706 geometria
2172 3634 2427 3683 recens
2452 3642 2471 3694 ;

399 3720 726 3793 sedatior
775 3721 995 3811 facta,
1066 3746 1217 3796 non
1276 3722 1476 3795 item.
1582 3722 2050 3796 Quaestiones
2104 3723 2332 3819 igitur
2382 3723 2473 3795 de

399 3834 689 3906 infinito
745 3846 821 3906 et
874 3847 1150 3908 aeterno
1208 3835 1446 3908 sciens
1498 3848 1881 3931 praetereo,
1944 3848 2335 3909 contentus
2388 3861 2476 3910 ea

401 3947 743 4021 doctrina
783 3949 979 4021 circa
1030 3949 1282 4021 mundi
1324 3948 1910 4044 magnitudinem
1961 3961 2038 4022 et
2089 3949 2475 4045 originem,

400 4083 624 4156 quam
691 4060 1054 4133 suaserint
1117 4061 1517 4157 Scripturae
1575 4063 1843 4151 Sacrae,
1906 4076 2005 4152 et,
2086 4087 2251 4160 quae
2314 4063 2474 4137 illas

400 4174 812 4262 confirmat,
873 4174 1393 4248 miraculorum
1442 4175 1664 4265 fama,
1720 4189 1797 4250 et
1849 4200 2009 4249 mos
2063 4178 2346 4273 patrius
2400 4192 2475 4251 et

398 4286 645 4382 legum
685 4288 1096 4360 reverentia
1135 4287 1427 4372 debita3
1475 4299 1917 4386 transeoque
1959 4290 2054 4364 ad
2096 4290 2262 4380 alia,
2308 4314 2473 4387 quae
2605 4360 2619 4374 ,

400 4398 777 4495 disputare
805 4400 1009 4474 nefas
1043 4426 1193 4475 non
1230 4414 1362 4475 est.

601 4534 788 4587 VOL.
830 4536 883 4587 1.
2228 4542 2272 4591 Ζ
