3182 5102
720 485 867 551 246
1203 499 1313 550 ως
1350 499 1868 552 unomlms
1906 500 2299 553 novumn.

368 670 676 785 PAlgm·
719 666 798 738 in
838 689 1093 738 arcum
1145 664 1284 739 BS
1335 667 1531 740 inter
1584 668 1649 740 B
1701 678 1778 739 et
1817 692 1908 765 p,
1960 668 2081 739 vel
2118 668 2512 764 interpet
2551 665 2654 747 S;
2719 676 2802 737 et

382 768 668 842 *ψ’-ν
720 780 922 852 sinus
972 801 1211 868 arene,
1246 803 1465 875 quem
1517 779 1922 869 abscindet,
1963 782 2206 853 minor
2236 779 2353 851 vel
2392 780 2628 874 major
2657 779 2804 849 erit

356 876 621 940 ‘m
641 877 691 924 ²·
718 917 940 988 quam
993 891 1297 965 dimidia
1350 894 1632 967 chorda
1681 918 1894 967 arcus
1948 895 2012 967 Β
2034 895 2130 978 S;
2201 892 2539 989 idemque
2597 892 2802 964 sinus

717 1006 1141 1102 productuS,
1164 1006 1400 1080 donec
1420 1020 1618 1079 secet
1641 1019 1920 1079 rectam
1953 1008 2027 1079 X
2053 1008 2104 1096 i,
2140 1009 2376 1103 major
2407 1006 2524 1078 vel
2557 1006 2802 1077 minor

718 1119 859 1192 erit
910 1144 1132 1215 quam
1183 1120 1464 1193 chorda
1514 1144 1730 1193 arcus
1789 1121 1853 1193 B
1875 1122 1926 1194 S
1977 1123 2129 1194 sive
2162 1145 2384 1216 quam
2415 1131 2620 1192 reem
2649 1144 2702 1216 q
2721 1145 2798 1214 y.

715 1233 913 1328 Ergo
966 1233 1094 1305 xi
1144 1258 1296 1308 non
1345 1244 1590 1329 potest
1641 1235 2069 1308 abscindere
2119 1234 2538 1331 parallelam
2577 1245 2804 1306 rectae

717 1346 833 1418 eS
873 1346 1229 1441 aequalem
1282 1346 1580 1420 chordae
1633 1372 1848 1420 arcus
1899 1349 2061 1437 BS,
2103 1348 2244 1421 nisi
2296 1347 2643 1443 parallela
2673 1347 2807 1420 illa

715 1471 1038 1532 transeat
1078 1484 1325 1557 perp.
1428 1461 1768 1556 Estergo
1812 1462 2364 1557 punctumyin
2412 1461 2800 1533 recmXi.

715 1574 812 1646 Et
842 1574 989 1645 Xoe
1020 1573 1280 1646 incidit
1312 1574 1522 1672 inp3
1575 1586 1650 1646 et
1684 1598 1798 1671 ry
1832 1574 2058 1670 dupla
2089 1587 2200 1647 est
2235 1600 2383 1671 up.
2476 1575 2663 1646 Item
2696 1599 2804 1669 qz

716 1700 829 1761 est
879 1687 1214 1782 sextupla
1250 1712 1299 1784 q
1308 1712 1400 1784 p,
1435 1687 1680 1760 minor
1728 1700 1976 1760 tamen
2028 1712 2250 1783 quam
2289 1710 2501 1759 arcus
2537 1688 2601 1760 Β
2622 1687 2800 1776 LD,

717 1802 843 1897 qui
894 1812 1008 1874 est
1057 1801 1431 1897 sextuplus
1470 1825 1685 1874 arcus
1739 1802 1803 1874 B
1809 1827 1900 1899 p.
2007 1802 2379 1889 Similiter,
2413 1802 2474 1873 si
2513 1812 2805 1873 secetur

716 1940 829 1987 ea
880 1914 1221 1987 bifariam
1278 1915 1356 1987 in
1397 1940 1484 2013 g,
1541 1928 1616 1987 et
1682 1938 1896 1988 arcus
1965 1915 2124 2013 Bp
2177 1915 2519 1987 bifariam
2583 1914 2662 1987 in
2729 1940 2800 2001 o,

715 2028 1001 2102 ostendi
1034 2038 1278 2124 potest
1317 2028 1615 2102 ductam
1668 2029 1741 2100 X
1758 2054 1822 2127 g
1875 2041 1950 2101 et
2001 2029 2437 2126 productam
2477 2027 2803 2101 incidere

714 2141 792 2214 in
825 2167 912 2225 ος
966 2153 1042 2215 et
1095 2167 1202 2215 co
1269 2143 1510 2215 sinum
1571 2167 1785 2215 arcus
1841 2142 1967 2214 Bo
2035 2142 2485 2239 duplicatum
2553 2142 2805 2214 termi-

713 2257 875 2328 nari
930 2256 1009 2329 in
1067 2256 1431 2351 producta
1488 2256 1561 2327 X
1568 2281 1682 2353 p3
1757 2256 2096 2353 idemque
2150 2257 2576 2352 contingere
2632 2279 2802 2351 per-

712 2382 940 2464 petuo
969 2369 1363 2443 bisecando
1397 2382 1557 2442 tum
1577 2394 1791 2442 arcus
1830 2381 1991 2442 tum
2045 2370 2247 2442 sinus
2274 2394 2367 2442 ex
2398 2370 2802 2442 bisectione

717 2495 964 2568 ortos;
1017 2495 1094 2558 et
1142 2483 1505 2581 producta
1536 2508 1643 2556 co
1677 2483 1775 2557 ad
1806 2484 2065 2582 Xfin
2099 2494 2155 2573 t,
2208 2508 2364 2557 esse
2397 2493 2496 2557 ct
2528 2483 2804 2556 duode-

716 2597 1007 2694 cuplam
1041 2623 1085 2670 c
1102 2623 1170 2686 ο,
1206 2598 1565 2670 minorem
1598 2608 1844 2670 tamen
1880 2622 2101 2692 quam
2149 2609 2260 2670 est
2293 2621 2504 2669 arcus
2539 2596 2600 2668 B
2623 2596 2684 2669 L
2704 2599 2798 2685 D,

718 2712 844 2807 qui
878 2723 989 2784 est
1039 2711 1541 2807 duodeeuplus
1591 2735 1806 2784 arcus
1843 2711 1903 2782 Β
1926 2736 1993 2783 ο.
2132 2711 2479 2783 Similiter
2512 2709 2798 2782 ostendi

714 2837 959 2922 potest
1013 2825 1235 2923 quod,
1288 2825 1686 2898 bisecando
1740 2836 2093 2921 perpetuo
2147 2836 2307 2896 tum
2352 2847 2565 2896 arcus
2638 2835 2798 2895 tum

719 2941 921 3013 sinus
978 2940 1358 3028 absciSSOS,
1413 2950 1635 3012 rectae
1691 2963 1853 3034 quae
1907 2949 2291 3011 transeunt
2340 2961 2472 3034 per
2524 2946 2800 3033 puncta

717 3052 1202 3127 biseetionum
1236 3077 1539 3126 arcuum
1585 3052 2216 3148 terminanturque
2250 3052 2325 3124 in
2360 3052 2578 3124 rectis
2611 3051 2685 3122 X
2709 3050 2797 3139 B,

719 3165 792 3238 X
816 3168 895 3256 F,
933 3180 1150 3240 erunt
1182 3168 1278 3240 ad
1311 3191 1563 3239 arcum
1604 3166 1840 3255 BLD,
1876 3178 1959 3238 ut
1980 3177 2093 3238 tot
2127 3167 2327 3238 sinus
2361 3165 2457 3238 ad
2490 3163 2797 3237 totidem

718 3305 953 3354 arcus.
1058 3282 1231 3354 Non
1264 3291 1507 3375 potest
1540 3304 1717 3375 ergo
1739 3289 1940 3352 reeta
1977 3279 2106 3351 BF
2137 3281 2373 3375 major
2398 3302 2552 3350 esse
2578 3300 2798 3372 quam

717 3418 929 3467 arcus
986 3394 1046 3466 B
1070 3395 1130 3466 L
1150 3394 1241 3483 D,
1291 3393 1416 3489 qui
1457 3417 1670 3466 arcus
1723 3404 1834 3465 est
1887 3405 2147 3488 quarta
2190 3416 2361 3489 pars
2400 3390 2795 3489 perimetri.

720 3508 943 3582 Quod
975 3506 1035 3580 si
1069 3506 1310 3579 minor
1359 3507 1453 3579 sit
1485 3519 1688 3579 recta
1738 3506 1800 3577 B
1823 3506 1879 3577 F
1933 3530 2150 3601 quam
2201 3529 2412 3578 arcus
2452 3504 2510 3575 B
2534 3505 2624 3591 D,
2661 3504 2800 3576 erit

716 3621 843 3695 illa
873 3632 1098 3710 recta,
1136 3644 1300 3716 quae
1334 3621 1537 3693 arcui
1574 3620 1635 3692 B
1659 3621 1725 3693 D
1761 3631 1870 3691 est
1903 3619 2222 3714 aequaliS‚
2263 3618 2610 3715 parallela
2644 3617 2798 3712 qui-

719 3734 886 3807 dem
940 3734 1079 3830 ipsi
1133 3734 1188 3805 B
1211 3735 1268 3806 F
1300 3745 1375 3806 et
1409 3735 1815 3830 intercepta
1849 3759 1894 3805 a
1927 3733 2146 3805 rectis
2199 3733 2272 3804 X
2298 3733 2383 3820 Β,
2438 3732 2511 3803 Χ
2535 3732 2614 3820 F,
2670 3729 2798 3804 sed

717 3847 1113 3944 productis.
1220 3847 1437 3918 Unde
1489 3858 1855 3941 sequetur,
1909 3846 2109 3941 quod
2166 3870 2343 3918 arcu
2380 3846 2440 3917 B
2463 3845 2530 3918 D
2565 3845 2797 3918 diviso

719 3959 795 4033 in
860 3972 1105 4057 partes
1189 3960 1547 4055 aliquotas
1636 3971 1815 4056 quot
1896 3961 2054 4033 fieri
2119 3971 2450 4057 possunt,
2519 3960 2599 4032 id
2663 3968 2795 4047 est,

717 4097 1024 4147 numero
1093 4073 1437 4162 infinitas,
1509 4072 1805 4147 chordae
1878 4074 2021 4147 illae
2088 4075 2163 4146 in
2232 4098 2455 4146 unam
2521 4084 2800 4147 rectam

719 4187 1141 4283 compositae
1194 4186 1513 4259 minores
1566 4211 1851 4282 semper
1905 4198 2121 4260 erunt
2174 4211 2349 4259 arcu
2402 4186 2559 4282 ipso
2622 4185 2683 4257 B
2705 4187 2797 4259 D.

721 4300 944 4376 Quod
977 4325 1230 4374 verum
1270 4324 1421 4373 non
1478 4312 1630 4378 est:
1685 4302 1858 4396 quia
1895 4325 2027 4396 per
2068 4301 2496 4374 divisionem
2540 4324 2799 4396 perpe-

717 4427 920 4487 tuam
1005 4414 1414 4487 differentia
1479 4414 1671 4488 inter
1754 4440 1967 4488 arcus
2032 4427 2107 4488 et
2172 4414 2481 4489 chordas
2562 4414 2801 4488 omnis
