3182 5102
680 471 786 524 nn
828 473 1065 542 Luca,
1106 475 1452 542 cALoRE,
1491 476 1595 527 m·
1633 476 2128 529 COLORIBUS.
2304 463 2445 528 365

373 652 624 712 motus
661 640 757 714 ad
790 642 1127 715 intimam
1180 644 1440 741 organi
1477 644 1730 717 visorii
1780 656 2071 740 partem
2124 667 2275 716 cor.
2385 643 2449 716 A
2527 650 2711 768 PARZ
2727 650 2819 700 IV·

378 765 589 825 motu
634 766 880 826 autem
925 756 1168 829 cordis
1211 756 1581 852 reagentis
1634 756 1894 845 oritur,
1950 780 2083 852 per
2137 754 2450 828 eandem
2532 750 2817 821 »ἠὲ-κ

378 879 582 938 retro
644 867 860 957 viam,
922 882 1230 942 conatus
1291 869 1634 943 desinens
1702 869 1780 942 in
1842 880 2140 958 conatu,
2194 893 2451 942 versus

378 979 771 1068 exteriora,
792 981 1066 1055 tunicae
1094 1006 1259 1078 quae
1279 994 1588 1056 vocatur
1608 982 1870 1055 retina.
1973 982 2122 1055 Sed
2141 995 2451 1055 conatus

380 1093 522 1165 iste
574 1092 668 1165 ad
714 1095 1082 1169 exteriora
1138 1095 1253 1189 (ut
1305 1120 1550 1193 supra,
1605 1120 1765 1193 cap.
1802 1118 2007 1169 xxv.
2065 1096 2452 1168 definitum

381 1206 527 1298 est)
570 1206 753 1279 illud
778 1208 1014 1304 ipsum
1045 1221 1159 1281 est
1188 1209 1387 1305 quod
1413 1222 1724 1283 vocatur
1757 1210 2005 1282 lumen
2032 1209 2185 1282 sive
2219 1209 2453 1305 phan-

382 1331 620 1391 tasma
678 1320 952 1404 lucidi;
1013 1346 1186 1395 nam
1249 1334 1556 1420 propter
1617 1324 1761 1397 hoc
1830 1323 2265 1419 phantasma
2317 1334 2454 1407 est,

382 1432 583 1527 quod
623 1433 996 1529 objectum
1041 1448 1349 1508 vocatur
1393 1435 1744 1508 lucidum.
1850 1435 2229 1508 Habemus
2273 1457 2452 1530 ergo

381 1546 564 1618 lucis
600 1546 857 1619 solaris
891 1571 1187 1620 causam
1220 1549 1688 1645 possibilem;
1743 1572 1965 1645 quam
2005 1548 2454 1644 suscepimus

383 1659 739 1733 invenire.

486 1782 554 1846 3.
608 1772 826 1845 Lucis
872 1772 1130 1846 solaris
1175 1775 1729 1870 generationem
1782 1774 2181 1850 comitatur
2230 1798 2452 1869 gene·
2481 1782 2777 1897 amcamff·

386 1885 575 1958 ratio
631 1885 919 1958 caloriS.
1022 1886 1360 1960 Calorem
1400 1900 1650 1960 autem
1696 1888 1772 1960 in
1822 1911 1901 1960 se
1955 1887 2116 1983 ipso
2160 1887 2456 1982 quidem
2479 1850 2566 1900 Μ
2662 1865 2687 1896 ⁸
2737 1854 2818 1897 ω’

383 1999 909 2095 unusquisque,
964 1998 1141 2071 dum
1200 2001 1523 2089 calescit,
1579 2000 1966 2074 sentiendo
2029 2001 2453 2097 cognoscit3

386 2114 463 2186 in
506 2113 668 2186 aliis
711 2125 960 2185 autem
1010 2115 1229 2187 rebus
1279 2138 1413 2210 per
1464 2115 2129 2188 ratiocinationem.
2235 2114 2459 2187 Aliud

386 2228 582 2299 enim
616 2240 729 2299 est
756 2225 1145 2316 calescere,
1172 2227 1371 2301 aliud
1398 2227 1822 2300 calefacere.
1926 2228 2185 2324 Itaque
2210 2227 2457 2324 ignem

387 2340 501 2412 vel
537 2339 764 2412 solem
802 2338 1203 2412 calefacere
1257 2339 1922 2436 deprehendimus;
1971 2340 2169 2436 quod
2223 2341 2459 2414 caleat

386 2477 537 2525 non
574 2450 1206 2547 deprehendimus.
1316 2452 1535 2527 Quod
1564 2453 1863 2548 quidem
1888 2453 2253 2543 animalia,
2284 2454 2459 2527 dum

389 2566 852 2652 calefaciunt,
902 2565 1167 2651 calent.
1222 2589 1313 2638 ex
1366 2566 1841 2640 similitudine
1893 2569 2127 2641 nostri
2162 2569 2460 2642 ratioci-

387 2679 636 2754 nando
691 2677 1094 2765 inferimuS,
1149 2678 1277 2751 sed
1329 2702 1479 2751 non
1530 2681 1969 2753 necessario.
2074 2681 2266 2753 Nam
2319 2683 2452 2755 etsi

390 2805 593 2866 recte
651 2791 940 2867 dicatur
995 2791 1280 2864 animal
1338 2791 1727 2890 calefacit,
1783 2818 1972 2892 ergo
2028 2794 2250 2883 calet,
2306 2819 2457 2867 non

390 2906 557 2979 ideo
626 2916 828 2976 recte
890 2903 1204 2976 infertur
1272 2904 1476 3002 ignis
1528 2905 1917 3004 calefacit,
1985 2930 2173 3005 ergo
2233 2906 2455 2980 calet.

393 3019 542 3094 Qui
603 3017 837 3113 magis
889 3017 1109 3107 enim,
1163 3042 1382 3114 quam
1435 3017 1641 3115 ignis
1694 3018 1951 3091 dolere
1987 3019 2235 3117 facit,
2272 3044 2459 3119 ergo

391 3131 597 3206 dolet
619 3136 661 3203 Β
765 3130 1101 3203 Calidum
1155 3155 1332 3227 ergo
1401 3131 1481 3205 id
1546 3132 1844 3229 proprie
1903 3145 1980 3205 et
2045 3133 2279 3205 solum
2349 3133 2459 3206 di-

391 3243 708 3318 cendum
769 3256 904 3331 est,
961 3243 1160 3339 quod
1220 3245 1623 3318 sentientes
1684 3269 1822 3320 nos
1875 3246 2328 3335 calescimus,
2385 3258 2461 3319 et

391 3356 827 3430 necessario.

492 3470 956 3542 Calescentes
990 3480 1239 3541 autem
1281 3469 1769 3566 comperimus
1804 3470 2130 3566 spirituS‚
2166 3473 2461 3569 sangui-

390 3606 561 3655 nem
598 3592 675 3654 et
709 3580 1060 3675 quicquid
1092 3581 1169 3653 in
1207 3582 1637 3678 corporibus
1669 3582 1944 3655 nostris
1977 3583 2285 3656 fluidum
2323 3598 2458 3674 est,

391 3697 485 3770 ab
539 3693 1011 3768 interioribus
1061 3694 1396 3790 partibus
1450 3695 1546 3767 ad
1607 3696 1977 3769 exteriora
2035 3721 2170 3793 pro
2224 3698 2461 3794 gradu

391 3807 657 3883 caloris
692 3805 926 3901 magis
962 3807 1294 3879 minusve
1331 3807 1624 3881 evocari
1669 3820 2062 3905 cutemque
2104 3810 2460 3884 intumes-

389 3945 581 3996 cere.
686 3920 946 4015 Itaque
994 3920 1057 3992 si
1098 3920 1262 4014 quis
1323 3921 1775 3995 evocationis
1810 3923 2461 4020 tumescentiaeque

388 4036 608 4131 hujus
677 4055 973 4105 causam
1040 4033 1467 4128 possibilem
1528 4034 1958 4126 reddiderit,
2030 4037 2462 4134 caeterisque

390 4147 655 4221 caloris
680 4145 1185 4241 phaenomenis
1212 4159 1804 4237 consentaneam,
1834 4149 1897 4221 is
1918 4150 2180 4222 caloris
2206 4151 2462 4225 solaris

389 4284 685 4334 causam
719 4257 1125 4331 reddidisse
1160 4260 1567 4333 censendus
1603 4273 1738 4334 est.

490 4374 889 4446 Ostensum
923 4384 1061 4461 est,
1103 4372 1295 4468 (cap.
1336 4396 1516 4446 xx1.
1561 4387 1701 4446 art.
1743 4374 1818 4465 5)
1858 4375 1963 4448 ita
2016 4379 2459 4450 commoveri
