3182 5102
984 401 1102 451 ⁴m:
1142 400 1483 452 NATURA
1521 400 1826 451 morus.
2330 378 2465 457 177

395 589 675 639 omnem
743 566 903 660 ejus
972 566 1557 671 magnitudinem
1647 574 2079 664 computata
2161 562 2478 659 oequalis
2552 576 2726 689 ΡΑΡῐξ
2763 576 2866 625 111·

397 689 516 751 est
567 678 885 750 alteriue
946 678 1239 750 mobilis
1289 678 1676 751 velocitati
1727 679 1954 751 etiam
1999 700 2153 775 per
2205 700 2480 748 omnem
2569 675 2847 748 κ-έ-κ

397 794 563 886 ejus
590 790 1175 889 magnitudinem
1204 802 1673 890 computatce.
1763 790 2192 864 Notandum
2228 790 2477 885 itaque

398 916 515 976 est
567 913 802 976 motus
846 903 1176 1001 aequales
1219 916 1295 976 et
1335 914 1569 977 motus
1626 904 2110 1002 cequiveloces
2144 927 2295 975 non
2332 903 2480 998 sig-

398 1017 702 1090 nificare
737 1016 1046 1089 eandem
1090 1040 1271 1089 rem.
1376 1018 1570 1089 Nam
1620 1017 1933 1090 duorum
1974 1040 2331 1112 equorum
2386 1016 2482 1088 ad

399 1153 700 1203 currum
758 1131 1189 1225 junctorum
1239 1142 1485 1203 motus
1537 1133 1772 1226 major
1825 1143 1937 1202 est
1990 1154 2210 1225 quam
2260 1130 2479 1202 unius

398 1268 656 1317 eorum
705 1243 1081 1329 utriusviS‚
1117 1268 1343 1339 quum
1394 1256 1643 1316 tamen
1696 1244 2046 1317 velocitas
2097 1244 2480 1315 amborum

401 1355 618 1428 simul
654 1355 1030 1428 velocitati
1064 1356 1283 1429 unius
1319 1357 1418 1429 sit
1456 1357 1780 1453 aequalis

503 1470 722 1542 Nono
759 1468 952 1565 (cap.
990 1469 1272 1554 eodem,
1307 1483 1446 1543 art.
1493 1473 1612 1564 19)
1673 1483 2051 1544 ostensum
2093 1482 2229 1560 est,
2284 1470 2487 1566 quod

399 1583 722 1680 quiescit
750 1606 1043 1680 semper
1070 1583 1489 1680 quieturum
1518 1608 1705 1672 6336,
1751 1583 1900 1655 nisi
1929 1583 2215 1655 existat
2268 1581 2488 1655 aliud

404 1704 628 1767 extra
659 1694 924 1792 ipsum,
956 1719 1097 1792 quo
1127 1696 1542 1793 suppo-site,
1568 1696 1954 1792 quiescere
1985 1694 2312 1793 ampliu-s*
2340 1719 2482 1766 non

388 1808 650 1905 possit
674 1836 701 1890 ;
755 1820 831 1879 et
877 1808 1082 1905 quod
1120 1818 1448 1880 movetur
1502 1819 1771 1881 motum
1827 1809 1930 1880 iri
1981 1831 2298 1906 semper,
2335 1808 2484 1880 nisi

402 1921 693 1992 existat
767 1920 987 1994 aliud
1065 1931 1286 1994 extra
1366 1921 1608 2019 ipsum
1690 1921 1895 2019 quod
1977 1931 2241 1993 motum
2324 1922 2484 2015 ejus

407 2033 795 2131 impediat.

508 2146 813 2219 Decimo
882 2146 1073 2241 (cap.
1126 2169 1242 2218 lx.
1299 2158 1442 2219 art.
1482 2149 1555 2240 7)
1616 2158 1993 2219 ostensum
2049 2158 2186 2235 est,
2250 2155 2484 2218 motus

403 2260 637 2331 omnis
676 2259 804 2351 (ex
854 2260 1103 2357 quiete
1144 2260 1658 2353 antecedente)
1715 2285 2017 2332 causam
2066 2259 2484 2331 immediate

406 2372 839 2466 efficientem
868 2397 1032 2444 6336
1061 2373 1137 2444 in
1166 2373 1422 2471 aliquo
1449 2397 1768 2471 corpore
1796 2383 1987 2445 moto
2015 2382 2088 2445 et
2112 2373 2485 2469 contiguo,

512 2486 947 2576 Undecimo,
985 2497 1363 2560 ostensum
1410 2498 1524 2560 est
1571 2486 1869 2576 ibidem,
1923 2485 2296 2584 quidquid
2342 2509 2488 2557 mo-

409 2609 644 2688 vetur,
735 2600 994 2672 eadem
1077 2601 1476 2674 celeritate
1552 2612 1628 2674 et
1681 2625 1835 2699 per
1907 2600 2221 2672 eandem
2295 2600 2489 2672 viam

407 2737 701 2810 semper
724 2736 1316 2811 progressurum
1345 2739 1531 2803 6336,
1568 2715 1718 2787 nisi
1754 2739 1802 2785 a
1838 2737 2155 2810 corpore
2191 2722 2380 2784 moto
2416 2721 2492 2784 et

410 2826 761 2924 contiguo
808 2827 1293 2924 impediatur.

508 2950 578 3012 2.
637 2939 923 3013 Quibus
978 2940 1361 3036 principiis
1423 2939 1876 3035 adjiciemuS,
1944 2939 2087 3012 hoc
2154 2939 2342 3028 loc0,
2406 2963 2493 3011 ea
2578 2959 2790 3036 4¹i⁸³pr

412 3076 573 3147 quae
603 3067 1035 3148 sequuntur.
1142 3054 1409 3142 Primo,
1465 3052 1896 3126 definiemus
1945 3062 2281 3125 conatum
2329 3076 2491 3124 6336
2577 3025 2838 3074 ⁸¹⁸⁸²²d¹‘⁸'

412 3175 676 3237 motum
713 3189 866 3262 per
918 3165 1247 3262 spatium
1300 3161 1375 3238 et
1429 3175 1717 3263 tempu-s*
1768 3167 2005 3238 minus
2040 3190 2261 3262 quam
2294 3165 2497 3262 quod

413 3279 663 3367 datur,
716 3278 803 3350 id
846 3289 984 3366 est,
1045 3279 1614 3368 determinatur,
1652 3280 1809 3352 3ἰυ6
1865 3279 2329 3377 expositione
2376 3279 2496 3351 vel

410 3415 707 3464 numero
737 3392 1207 3489 assignatur,
1234 3393 1312 3465 id
1346 3403 1483 3481 est,
1507 3416 1660 3490 per
1682 3402 2064 3489 punctum.
2129 3393 2248 3465 Ad
2284 3394 2490 3488 cujus

412 3505 863 3578 definitionis
915 3505 1481 3601 explicationem
1534 3506 1954 3578 meminisse
1990 3517 2308 3601 oportet,
2357 3529 2492 3601 per

410 3631 770 3715 punctum
791 3643 943 3690 non
972 3619 1286 3715 intelligi
1320 3619 1420 3707 id,
1460 3619 1660 3714 quod
1694 3619 2187 3714 quantitatem
2215 3619 2490 3691 nullam

410 3732 659 3820 habet,
698 3732 851 3804 sive
888 3733 1087 3827 quod
1133 3733 1337 3805 nulla
1384 3733 1674 3805 ratione
1722 3744 1972 3829 potest
2006 3731 2234 3804 dividi
2277 3732 2491 3824 (nihil

410 3846 608 3918 enim
651 3856 765 3916 est
799 3844 1157 3940 ejusmodi
1193 3846 1269 3917 in
1305 3869 1551 3918 rerum
1584 3848 1881 3939 natura)
1919 3876 1936 3929 ;
2000 3843 2132 3917 sed
2172 3844 2247 3917 id
2283 3847 2490 3941 cujus

411 3959 786 4054 quantitas
823 3983 973 4030 non
1017 3957 1551 4047 consideratur,
1604 3958 1748 4030 hoc
1801 3970 1935 4046 est,
1991 3959 2197 4053 cujus
2250 3982 2489 4054 neque

411 4072 788 4168 quantitas
843 4094 1085 4167 neque
1138 4096 1309 4168 pars
1370 4071 1521 4143 ulla
1582 4072 1777 4144 inter
1839 4072 2490 4146 demonstrandum

412 4196 933 4281 computatur;
1000 4185 1107 4258 ita
1166 4197 1253 4257 ut
1305 4198 1669 4282 punctum
1729 4210 1880 4258 non
1935 4186 2295 4258 habeatur
2353 4210 2489 4282 pro

410 4297 862 4386 indivisibili,
916 4298 1046 4375 sed
1070 4322 1206 4394 pro
1244 4298 1580 4371 indiviso.
1690 4299 1896 4378 Sicut
1944 4299 2165 4371 etiam
2203 4299 2490 4372 instans

612 4434 797 4485 VOL.
841 4436 891 4484 1.
2139 4434 2190 4483 N
