3182 5102
1119 502 1226 552 nn
1265 500 1850 553 PHILOSOPHIA.
2476 486 2520 565 7

446 694 689 758 motus
737 684 1095 774 coelestes‚
1146 684 1490 782 syderum
1536 696 1902 781 aspectuS,
1955 686 2307 782 temporis
2361 710 2519 759 mo-
2619 701 2795 767 nas
2820 708 2864 757 1.

445 809 716 887 menta,
773 797 1231 883 calculandi3
1287 797 1487 871 orbis
1530 810 1894 872 terrarum
1943 798 2208 872 faciem
2259 798 2518 895 depin-
2603 775 2869 882 §.L-„⁴

443 910 716 1007 gendi3
791 911 1054 1007 quibus
1117 924 1395 1007 quanta
1438 913 1637 985 bona
1686 912 2105 986 hominibus
2155 913 2518 1009 acquisita
2608 911 2822 977 U‘ffl‘uv

443 1036 617 1097 sunt
660 1024 947 1098 facilius
999 1023 1440 1122 intelligitur
1494 1049 1716 1122 quam
1774 1026 2068 1099 dicitur.
2176 1027 2315 1099 His
2360 1026 2514 1100 fru-

439 1149 665 1210 untur
714 1148 979 1234 gentes
1040 1139 1420 1234 Europaeae
1472 1138 1628 1212 fere
1685 1163 1965 1229 omnes,
2020 1139 2314 1213 Asianae
2358 1141 2514 1237 ple-

439 1273 708 1347 raeque,
745 1250 1114 1326 Africanae
1148 1251 1454 1349 aliquot,
1490 1252 1948 1327 Americanae
1979 1277 2180 1343 vero,
2239 1264 2318 1327 et
2344 1278 2511 1351 quae

437 1377 696 1459 gentes
716 1365 1150 1462 propinquae
1173 1376 1347 1439 sunt
1365 1364 1662 1462 utrique
1681 1365 1879 1462 polo,
1904 1365 2204 1440 omnino
2228 1378 2507 1441 carent.

439 1477 588 1551 Cur
606 1478 904 1553 autem?
957 1504 1053 1552 an
1073 1478 1219 1555 illae
1236 1477 1353 1552 his
1374 1478 1741 1552 acutiores
1769 1477 1991 1552 sunt?
2045 1503 2140 1552 an
2162 1504 2312 1552 non
2336 1494 2510 1554 sunt

437 1592 773 1665 omnibus
799 1592 1221 1666 hominibus
1243 1592 1570 1688 ejusdem
1597 1591 1887 1689 generis
1916 1591 2203 1682 animae,
2233 1592 2507 1666 eaedem

435 1703 696 1778 animae
728 1705 1168 1779 facultates?
1222 1706 1402 1803 quid
1434 1730 1612 1802 ergo
1668 1705 1918 1778 alteris
1971 1705 2206 1795 adest,
2256 1705 2506 1780 alteris

435 1817 664 1908 deest,
734 1819 877 1893 nisi
941 1819 1427 1916 philosophia.
1576 1819 1865 1892 Harum
1931 1842 2109 1915 ergo
2179 1818 2507 1893 omnium

429 1931 836 2006 utilitatum
870 1956 1092 2006 causa
1129 1945 1245 2006 est
1288 1931 1776 2029 philosophia.
1878 1931 2182 2005 Moralis
2216 1956 2391 2006 vero
2428 1945 2506 2006 et

433 2044 664 2118 civilis
709 2046 1192 2143 philosophiae
1234 2046 1516 2119 utilitas
1567 2069 1719 2118 non
1766 2055 1920 2118 tam
1976 2069 2067 2117 ex
2101 2045 2504 2119 commodis

433 2181 596 2254 quae
642 2160 736 2232 ab
792 2183 881 2232 ea
938 2159 1241 2255 cognita
1292 2183 1513 2256 quam
1573 2182 1666 2232 ex
1727 2156 2266 2231 calamitatibus
2321 2183 2504 2256 quas

428 2272 523 2344 ab
542 2273 701 2367 ejus
735 2272 1201 2368 ignoratione
1238 2272 1616 2361 habemus,
1662 2270 2096 2344 aestimanda
2126 2283 2264 2345 est.
2370 2272 2506 2346 Ca-

429 2383 796 2459 lamitates
864 2399 1114 2460 autem
1192 2407 1446 2458 omnes
1516 2407 1681 2480 quae
1746 2383 2072 2457 humana
2138 2385 2506 2459 industria

429 2499 689 2573 evitari
741 2512 1055 2598 possunt
1093 2525 1140 2574 a
1187 2499 1381 2573 bello
1434 2499 1797 2588 oriuntur,
1845 2497 2213 2595 praecipue
2245 2522 2422 2574 vero
2458 2525 2505 2574 a

426 2613 620 2687 bello
650 2614 890 2699 civili3
941 2614 1117 2688 hinc
1151 2614 1347 2688 enim
1391 2613 1653 2702 caedoe,
1709 2611 2053 2701 solitudo,
2110 2612 2502 2710 inopiaque

427 2750 675 2800 rerum
742 2728 1070 2801 omnium
1136 2727 1531 2801 derivatur.
1638 2725 1877 2799 Causa
1935 2736 2182 2798 autem
2236 2727 2502 2802 horum

429 2864 579 2915 non
608 2853 724 2915 est
756 2841 959 2939 quod
988 2841 1324 2915 homines
1352 2864 1441 2913 ea
1470 2839 1726 2929 velint,
1754 2838 2096 2912 voluntas
2130 2838 2328 2912 enim
2360 2839 2503 2914 nisi

426 2953 605 3028 boni
665 2954 928 3028 saltem
992 2953 1418 3052 apparentis
1486 2952 1692 3027 nulla
1756 2964 1921 3037 est3
1998 2975 2239 3049 neque
2302 2953 2505 3050 quod

428 3067 622 3141 mala
646 3068 807 3142 haec
848 3092 1010 3142 asse
1042 3067 1422 3151 nesciant3
1475 3066 1641 3164 quis
1695 3065 1892 3139 enim
1946 3077 2061 3138 est
2097 3065 2224 3162 qui
2265 3067 2501 3139 caedes

427 3191 506 3253 et
536 3193 1050 3278 paupertatem
1080 3181 1275 3255 mala
1306 3191 1385 3254 et
1410 3180 1723 3254 molesta
1775 3177 1913 3252 sibi
1948 3202 2106 3253 esse
2147 3203 2299 3253 non
2334 3202 2501 3253 sen-

429 3292 579 3366 tit?
684 3294 924 3369 Causa
954 3293 1183 3391 igitur
1207 3292 1384 3366 belli
1417 3292 1652 3367 civilis
1700 3302 1838 3382 est,
1890 3291 2093 3389 quod
2139 3292 2498 3366 bellorum

428 3420 505 3480 et
556 3407 761 3504 pacis
820 3431 1059 3482 causae
1118 3406 1606 3504 ignorantum
1686 3415 1765 3478 et
1826 3404 2025 3501 quod
2075 3404 2498 3501 paucissimi

428 3531 602 3592 sunt
627 3520 754 3617 qui
782 3520 1024 3595 officia
1057 3544 1191 3593 sua
1223 3519 1487 3617 quibus
1519 3543 1667 3616 pax
1711 3516 2059 3591 coalescit
2090 3528 2169 3590 et
2201 3541 2496 3593 conser-

426 3644 666 3723 vatur,
726 3633 807 3709 id
849 3648 966 3709 est
1011 3658 1259 3708 veram
1308 3631 1605 3706 vivendi
1664 3630 1995 3727 regulam
2053 3629 2490 3704 didicerunt.

425 3745 560 3819 Est
591 3759 841 3821 autem
894 3748 1114 3844 hujus
1148 3745 1421 3844 regulae
1469 3743 1797 3842 cognitio
1833 3743 2130 3816 moralis
2169 3743 2493 3840 philoso-

423 3859 620 3954 phia.
725 3862 973 3937 Quare
1007 3872 1257 3935 autem
1289 3883 1452 3933 eam
1485 3882 1636 3932 non
1659 3857 2099 3946 didicerunt,
2127 3858 2270 3931 nisi
2295 3859 2496 3955 quod

424 3995 471 4044 a
499 3974 793 4048 nemine
835 3975 1037 4049 clara
1070 3986 1146 4048 et
1179 3984 1386 4047 recta
1434 3971 1785 4045 methodo
1820 3969 2177 4044 hactenus
2217 3972 2495 4047 tradita

421 4084 576 4158 sit?
691 4087 893 4163 Quid
946 4085 1196 4162 enim?
1248 4084 1707 4159 multitudini
1760 4083 2142 4158 hominum
2194 4085 2490 4182 imperi-

424 4207 693 4289 torum,
762 4200 1106 4275 doctores
1175 4199 1353 4274 olim
1410 4198 1672 4287 Graeci,
1740 4197 2092 4294 AEgyptii,
2150 4198 2487 4289 Romani,

423 4309 691 4409 aliique
765 4312 1154 4387 innumera
1227 4313 1576 4409 dogmata
1659 4311 1752 4385 de
1816 4311 2102 4385 naturis
2176 4312 2481 4388 deorum

422 4447 743 4515 suorum,
773 4449 940 4524 quae
974 4426 1115 4523 ipsi
1150 4451 1246 4499 an
1280 4449 1456 4499 vera
1488 4437 1736 4499 essent
1766 4448 2000 4498 necne
2033 4426 2485 4516 nesciebant,
