3182 5102
683 440 822 509 146
1273 446 1840 507 PmLosoPmA
1876 450 2161 503 PRmA.

331 631 508 747 ΡΑιῗξ
549 630 625 683 11.
676 619 933 718 primae
987 617 1261 692 rationi
1315 619 1571 710 altera,
1610 612 1803 692 ratio
1861 615 2117 714 primae
2171 612 2608 712 quantitatis
2662 611 2760 686 ad

335 733 620 805 2-4-ae
678 733 977 807 tertiam
1023 734 1341 807 semissis
1379 746 1492 807 est
1526 729 1837 806 rationis
1887 730 2145 829 primae
2180 730 2274 803 ad
2308 728 2705 803 secundam
2737 757 2757 811 3

279 837 657 951 &3223ssss
682 846 976 943 quando
1046 870 1300 920 rursus
1368 838 1670 920 additur
1736 846 1852 919 his
1921 846 2165 935 tertia,
2237 843 2428 917 ratio
2497 841 2755 939 primae

273 969 659 1032 etpropriemoe·
686 960 1122 1058 quantitatis
1169 960 1267 1034 ad
1314 975 1655 1056 quartam
1708 961 1940 1033 triens
1994 970 2108 1032 est
2147 956 2456 1032 rationis
2503 955 2762 1052 primae

685 1074 780 1147 ad
833 1072 1256 1165 secundam,
1295 1076 1421 1147 &c.
1529 1074 1678 1147 Sed
1728 1097 1863 1169 pro
1919 1073 2243 1161 semisse,
2274 1069 2569 1158 triente,
2609 1070 2762 1158 &c.,

685 1186 907 1284 vulgo
945 1184 1218 1261 dicitur
1251 1187 1445 1262 ratio
1491 1186 2029 1284 subduplicata,
2067 1184 2599 1281 subtriplicata,
2637 1183 2765 1254 &c.

790 1298 938 1373 Ubi
990 1324 1168 1375 vero
1223 1298 1649 1397 hujusmodi
1701 1301 1895 1372 fiunt
1943 1299 2316 1373 rationum
2377 1295 2771 1394 aequalium

688 1413 1129 1504 additioneS,
1195 1414 1544 1486 dicuntur
1613 1437 1866 1487 earum
1936 1413 2391 1509 quantitates
2462 1432 2620 1484 esse
2690 1409 2771 1481 in

687 1527 977 1601 ratione
1012 1525 1367 1600 continua
1400 1527 1517 1600 vel
1553 1526 1905 1600 continue
1940 1525 2559 1623 proportionales,

774 1640 1147 1714 Dividitur
1167 1648 1416 1714 autem
1441 1640 1633 1715 ratio
1661 1664 1794 1737 per
1818 1661 2232 1730 numerum,
2263 1638 2555 1736 quando
2578 1638 2773 1710 inter

690 1750 1001 1827 rationis
1025 1750 1478 1848 quantitates
1498 1752 2079 1849 interponuntur
2101 1752 2363 1825 mediae
2387 1753 2463 1824 in
2486 1751 2773 1823 ratione

695 1864 1071 1955 continua,
1101 1889 1368 1962 nempe
1392 1864 1747 1939 dividitur
1771 1887 1906 1961 per
1930 1875 2002 1955 2,
2034 1865 2329 1961 quando
2358 1888 2507 1937 una
2533 1860 2776 1934 media

692 1977 1163 2076 interjicitur,
1218 1998 1352 2076 per
1413 1989 1484 2070 3,
1555 1979 1853 2075 quando
1915 1972 2464 2075 interjiciuntur
2517 1974 2776 2049 mediae

694 2092 885 2183 duae,
922 2105 1001 2166 et
1031 2093 1136 2166 sic
1172 2093 1251 2166 in
1285 2093 1680 2167 infinitum.

805 2207 919 2288 17.
1001 2201 1081 2278 Si
1149 2204 1301 2278 sint
1369 2204 1825 2301 quantitates
1898 2216 2398 2302 quotcunque,
2469 2225 2773 2301 quarum

695 2338 1046 2392 numerus
1115 2328 1230 2392 est
1296 2318 1556 2414 impar,
1625 2312 2049 2415 incipiendo
2117 2330 2367 2392 autem
2427 2342 2475 2390 a
2541 2312 2782 2389 media

698 2454 954 2505 omnes
1016 2432 1109 2504 ab
1170 2456 1260 2505 ea
1315 2428 1668 2528 utrinque
1723 2433 1873 2506 sint
1926 2433 2005 2505 in
2060 2432 2349 2507 ratione
2404 2431 2779 2518 continua,

698 2543 890 2619 ratio
913 2544 1250 2635 duarum,
1275 2569 1440 2643 quae
1469 2544 1732 2620 mediae
1742 2544 2436 2643 proximeutrinque
2459 2540 2780 2634 adstant,

698 2658 1006 2733 rationis
1044 2659 1381 2749 duarum,
1432 2658 1575 2733 illis
1638 2679 1895 2733 rursus
1948 2661 2299 2757 utrinque
2354 2655 2779 2746 astantium,

701 2785 815 2847 est
863 2771 1403 2870 subduplicata,
1470 2784 1546 2846 et
1596 2773 1908 2847 rationis
1961 2774 2272 2848 duarum
2330 2798 2479 2848 uno
2533 2793 2783 2846 rursus

698 2887 864 2961 loco
932 2887 1418 2961 remotiorum
1500 2883 2034 2984 subtriplicata,
2116 2891 2241 2962 &c.
2349 2888 2515 2962 Sint
2592 2887 2786 2960 enim

704 3000 1275 3097 magnitudineS,
1313 3001 1401 3089 C,
1439 2995 1526 3090 B,
1565 3000 1657 3091 A,
1690 3001 1781 3091 Ι),
1809 3001 1896 3089 Ε,
1925 3000 2221 3100 sintque
2255 3015 2408 3076 tam
2446 3004 2535 3092 A,
2574 3001 2659 3091 B,
2698 2999 2784 3090 C,

706 3135 927 3212 quam
962 3114 1052 3202 A,
1078 3113 1172 3205 Ι),
1209 3117 1270 3188 Ε
1308 3113 1662 3189 continue
1696 3115 2311 3213 proportionales,
2361 3111 2527 3189 dico
2563 3107 2788 3189 ratio-

703 3251 875 3302 nem
914 3229 980 3301 D
1017 3228 1112 3301 ad
1149 3228 1210 3299 B
1262 3228 1854 3325 subduplicatam
1906 3253 2067 3303 esse
2107 3225 2415 3304 rationis
2471 3231 2532 3303 E
2573 3228 2670 3301 ad
2706 3227 2787 3300 C.

708 3340 1197 3439 Componitur
1232 3339 1429 3414 enim
1478 3340 1669 3415 ratio
1707 3343 1773 3415 D
1809 3341 1905 3415 ad
1941 3341 2001 3415 B
2031 3367 2121 3416 ex
2149 3343 2558 3417 rationibus
2596 3343 2662 3415 D
2697 3340 2791 3415 ad

708 3457 769 3527 A
813 3463 889 3527 et
921 3453 990 3527 A
1016 3455 1111 3528 ad
1149 3453 1209 3527 B
1242 3455 1468 3528 semel
1505 3454 1819 3551 sumptis
1857 3485 1875 3539 ;
1933 3466 2013 3528 at
2046 3456 2239 3529 ratio
2272 3457 2334 3529 E
2369 3456 2464 3529 ad
2493 3455 2554 3528 C
2593 3479 2791 3528 com-

707 3566 1014 3666 ponitur
1049 3591 1139 3641 ex
1177 3566 1441 3641 iisdem
1468 3566 1583 3640 bis
1622 3565 1980 3663 sumptis;
2019 3578 2134 3640 est
2162 3589 2338 3665 ergo
2368 3567 2560 3641 ratio
2596 3569 2662 3641 D
2699 3565 2794 3640 ad

714 3682 775 3755 B
819 3681 1131 3756 rationis
1166 3683 1228 3755 E
1280 3683 1376 3756 ad
1413 3682 1473 3754 C
1514 3680 2052 3779 subduplicata,
2179 3683 2459 3757 Eodem
2491 3705 2793 3780 prorsus

712 3793 961 3883 modo,
989 3795 1052 3868 si
1083 3808 1235 3869 tres
1273 3808 1521 3870 essent
1554 3795 1906 3893 utrinque
1936 3796 2257 3888 termini,
2280 3797 2796 3871 ostenderetur

711 3907 903 3982 ratio
963 3907 1031 3982 D
1088 3909 1183 3983 ad
1245 3908 1306 3982 B
1368 3908 1679 3985 rationis
1740 3923 2239 3985 extremorum
2302 3933 2462 3984 esse
2525 3909 2798 3984 subtri-

713 4019 1009 4117 plicata,
1048 4024 1174 4097 &c.

823 4141 933 4209 18.
992 4136 1069 4210 Si
1106 4136 1257 4211 sint
1292 4147 1768 4235 quotcunque
1807 4137 2157 4212 continue
2190 4138 2795 4236 proportionalia,

717 4247 1059 4346 primum,
1119 4248 1547 4341 secundum,
1608 4247 1934 4342 tertium,
1992 4254 2142 4342 &c.,
2204 4265 2423 4326 erunt
2470 4252 2595 4326 illa
2648 4249 2797 4325 suis

724 4359 1157 4438 differentiis
1177 4363 1763 4463 proportionalia
1786 4395 1805 4451 ;
1840 4389 2013 4440 nam
2039 4366 2467 4456 secundum,
2495 4363 2801 4441 tertium
