3182 5102
955 547 1120 591 vrrAE
1158 547 1519 592 nonnum-2
1549 547 1966 594 Auc'rAmum.
2481 530 2558 592 lv'

401 712 532 789 ubi,
592 713 643 777 si
687 714 828 802 quis
877 715 1184 800 juveniles
1241 731 1426 781 aestus
1483 729 1547 779 et
1602 715 1839 780 furores
1895 717 2166 802 poeticos
2226 716 2552 793 desideret,

407 848 669 913 Maeonii
713 868 922 916 tamen
967 855 1129 917 senis
1171 855 1455 939 spiritum
1498 875 1537 916 a
1584 852 2130 917 Malmesburiensi
2172 869 2384 918 nostro
2432 876 2560 918 ser-

402 1009 589 1051 mone
616 989 887 1052 maxime
914 989 1380 1054 accommodato
1408 1011 1786 1074 expressum,
1831 1011 2078 1054 necesse
2106 1003 2198 1053 est
2227 990 2512 1053 fateatur.

494 1121 718 1187 Mense
742 1122 912 1187 Julio
955 1125 1233 1210 ejusdem
1275 1125 1427 1188 anni
1473 1124 1836 1190 Londinum
1868 1124 2136 1212 reliquit,
2170 1148 2315 1191 cum
2342 1126 2554 1191 animo

402 1280 729 1345 nunquam
758 1261 1128 1338 revertendi,
1168 1262 1393 1348 quibus
1436 1261 1732 1325 hactenus
1774 1284 1840 1325 se
1872 1260 2286 1325 oblectaverat
2313 1261 2551 1339 studiiS‚

403 1395 612 1480 quoad
655 1396 779 1460 vita
829 1411 1201 1484 suppeteret,
1256 1413 1598 1462 vacaturus.
1689 1396 1879 1472 Quod
1935 1412 2144 1462 autem
2200 1398 2363 1462 inter
2414 1421 2554 1463 rara

402 1530 711 1596 felicitatis
755 1533 1042 1619 exempla
1086 1535 1545 1599 numerandum
1590 1551 1720 1612 est3
1779 1557 2021 1599 summo
2061 1536 2295 1621 ingenii
2340 1536 2553 1622 vigore

402 1682 469 1732 et
494 1669 773 1733 sensibus
802 1669 1058 1755 integris
1086 1669 1165 1732 ad
1196 1670 1436 1733 obitum
1466 1693 1663 1757 usque
1692 1671 1754 1732 in
1786 1670 2173 1755 philosophia
2200 1685 2264 1733 et
2291 1671 2552 1734 mathesi

402 1826 471 1867 se
498 1804 742 1868 assiduo
773 1803 1151 1881 exercitavit,
1182 1819 1246 1867 et
1275 1805 1444 1891 quod
1477 1806 1675 1893 magis
1714 1807 1962 1882 mirum,
1996 1806 2205 1892 poesin
2253 1806 2549 1883 exercuit,

404 1962 531 2025 qua
585 1940 851 2026 propriis
906 1940 1098 2004 animi
1155 1941 1555 2026 conceptibus
1612 1941 2052 2027 exprimendiS,
2107 1964 2233 2029 qua
2287 1941 2546 2005 aliorum

404 2075 866 2141 transferendis.

493 2211 684 2276 Anno
718 2215 899 2288 1675,
931 2233 1075 2275 cum
1107 2210 1515 2278 Homericum
1548 2227 1865 2276 tentamen
1904 2235 2031 2276 non
2077 2213 2304 2298 exiguo
2344 2212 2553 2277 litera-

404 2364 610 2411 torum
628 2346 848 2433 plausu
870 2362 1199 2433 exceptum
1223 2363 1560 2427 constaret3
1600 2348 1861 2412 Homeri
1886 2350 2105 2414 Iliada
2127 2363 2191 2412 et
2216 2353 2552 2434 odysseam

404 2487 787 2572 conjunctim
840 2486 1192 2574 Anglicano
1248 2487 1521 2551 carmine
1577 2484 1908 2574 evulgavit,
1960 2489 2417 2553 Dissertatione
2475 2490 2553 2551 de

406 2625 672 2688 Heroici
700 2627 1020 2689 Poematis
1064 2626 1407 2689 Virtutibus
1424 2629 1775 2708 proemissa.
2401 2719 2408 2726 .

492 2759 683 2822 Anno
719 2763 900 2835 1676,
942 2757 1136 2822 edidit
1182 2763 1678 2826 Controversiam
1723 2764 1802 2827 de
1831 2763 2152 2826 Libertate
2179 2771 2239 2827 et
2277 2758 2556 2824 Necessi-

406 2903 541 2957 tate
569 2896 1027 2958 Humanarum
1055 2898 1404 2973 dationum,
1424 2916 1565 2956 cum
1600 2893 1971 2980 Benjamino
2008 2893 2223 2979 Laney
2251 2893 2556 2979 Episcopo

408 3025 644 3092 Eliensi
674 3028 822 3091 olim
851 3028 1165 3115 agitatam.

492 3165 684 3228 Anno
708 3169 890 3242 1678,
911 3164 1144 3250 prodiit
1160 3169 1550 3232 Decamerou
1575 3169 2084 3252 physioloqicum,
2105 3167 2231 3230 sive
2249 3171 2327 3232 de
2344 3170 2555 3232 Natu-

406 3305 536 3367 rali
567 3305 971 3387 Philosophia
1003 3301 1146 3365 libri
1175 3301 1409 3380 decem,
1444 3326 1570 3367 una
1599 3326 1742 3366 cum
1781 3303 1965 3368 lineoe
1994 3318 2180 3367 rectae
2211 3303 2448 3366 ratione
2475 3301 2555 3366 ad

406 3458 625 3502 arcum
654 3437 1017 3523 quadrantis
1045 3437 1408 3501 dimidium:
1458 3461 1583 3525 quo
1614 3453 1893 3525 tempore
1920 3440 2107 3504 etiam
2136 3462 2289 3524 opus
2317 3440 2371 3524 ej
2382 3463 2449 3502 us
2477 3437 2556 3502 de

407 3576 599 3639 Bello
624 3576 816 3639 Civili
846 3579 1209 3660 Anqlicano,
1235 3575 1368 3660 ipso
1397 3576 1656 3641 minime
1679 3576 1940 3651 conscio,
1967 3576 2031 3637 in
2053 3573 2254 3639 lucem
2284 3574 2554 3650 emersit,

408 3708 587 3792 cujus
642 3710 963 3773 occasione
1023 3708 1345 3794 epistolam
1401 3725 1768 3797 sequentem
1824 3710 1906 3774 ad
1961 3709 2282 3776 librarium
2337 3712 2418 3776 G.
2475 3711 2552 3776 C.

410 3846 765 3909 transmisit.

496 3989 539 4020 ‘⁶
570 3981 910 4069 Dialogum
940 3981 1019 4044 de
1051 3986 1232 4048 Bello
1276 3982 1464 4047 Civili
1492 3986 1842 4066 Anqlicano
1869 3980 1977 4045 diu
2008 3996 2100 4045 est
2129 3981 2295 4069 quod
2325 3982 2560 4068 publici

399 4117 565 4204 juris
587 4116 818 4180 factum
839 4117 1201 4195 voluissem3
1245 4139 1433 4203 quem
1454 4116 1520 4179 in
1545 4116 1737 4179 finem
1772 4116 1934 4204 Regi
1956 4119 2173 4197 obtuli,
2195 4119 2313 4195 cui,
2334 4141 2561 4203 paucos

408 4269 550 4339 post
588 4251 719 4316 dies
762 4276 905 4317 cum
946 4252 1226 4318 libellum
1255 4253 1586 4340 perlegisse
1622 4253 1772 4317 mihi
1804 4255 1966 4318 visus
1993 4270 2169 4333 esset,
2202 4255 2558 4341 supplicavi,

411 4405 484 4452 ut
506 4389 905 4474 imprimendi
951 4389 1305 4455 facultatem
1346 4389 1731 4454 concederet.
1828 4387 2225 4467 Rexautem,
2257 4391 2436 4455 solita
2464 4415 2567 4456 me

411 4524 728 4610 excipiens
754 4526 979 4612 gratia,
1014 4525 1390 4611 postulatum
1429 4548 1680 4611 prorsus
1730 4525 2080 4613 abnegavit.
2168 4527 2381 4601 Quare
2426 4526 2572 4591 libri
