3182 5102
1111 487 1218 539 nn
1255 488 1688 541 Memnono.
2343 471 2435 550 77

365 672 514 722 non
599 662 993 747 propterea
1061 653 1262 748 quod
1328 654 1485 727 sine
1556 654 1813 750 figuris
1875 654 2148 728 veritas
2216 679 2437 750 quam
2504 661 2676 775 PAIgS
2712 662 2754 711 1·

365 765 922 860 praetendebant
955 791 1308 863 apparere
1333 792 1485 840 non
1511 779 1833 864 poterat,
1866 768 1998 840 sed
2031 767 2205 863 quia
2236 768 2441 841 nulla
2512 761 2757 832 *Ἴτ’-ν

366 890 765 973 posuerant
831 879 1418 953 ratiocinationis
1472 903 1623 952 suae
1672 880 2004 977 legitima
2050 880 2437 977 principia,

365 1004 815 1088 quapropter
848 992 1051 1065 nulla
1085 1005 1198 1065 est
1245 992 1437 1064 ratio
1492 993 1670 1087 quin
1711 992 2126 1089 praepositis
2179 992 2438 1065 defini-

365 1105 692 1178 tionibus
760 1106 838 1178 in
908 1130 1349 1202 quocunque
1428 1104 1788 1179 doctrinae
1861 1128 2158 1201 genere,
2244 1129 2438 1178 verae

365 1217 651 1312 possint
686 1241 845 1291 esse
884 1219 1580 1293 demonstrationes,

474 1333 585 1412 17.
639 1331 1027 1428 Proprium
1081 1356 1257 1429 ergo
1312 1331 1964 1405 demonstrationis
1994 1331 2437 1406 methodicae
2461 1350 2782 1414 Proprietate,

363 1454 479 1515 θεῖ
2459 1416 2755 1529 ἓεωίεὲοέἒη-

481 1498 498 1515 ο
2501 1498 2562 1529 011

469 1579 522 1628 1.
577 1556 685 1629 Ut
719 1556 956 1630 omnis
991 1556 1299 1630 rationis
1337 1557 1560 1630 series
1608 1556 1706 1630 sit
1736 1556 2091 1654 legitima,
2143 1557 2288 1631 hoc
2322 1569 2437 1631 est
2461 1547 2790 1660 ggss‘ffl‘ffij

363 1669 769 1742 secundum
804 1670 1395 1766 syllogismorum
1432 1671 1633 1767 leges
1668 1695 1890 1767 supra
1924 1671 2259 1744 traditas.

464 1805 556 1855 11.
595 1783 700 1855 Ut
721 1782 1178 1878 singulorum
1203 1783 1796 1880 syllogismorum
1813 1785 2211 1881 praemissae
2232 1784 2436 1880 prius

364 1895 887 1969 demonstratae
922 1895 1072 1968 sint
1107 1919 1335 1990 usque
1370 1920 1416 1968 a
1450 1896 2001 1971 definitionibus
2034 1897 2315 1994 primis.

464 2030 592 2082 111.
670 2008 777 2081 Ut
853 2007 1300 2104 procedatur
1379 2022 1551 2106 post
1635 2010 2100 2083 definitiones
2183 2010 2439 2084 eadem

361 2122 710 2195 methodo
763 2146 911 2218 qua
961 2123 1087 2218 qui
1139 2122 1381 2211 docet,
1432 2123 1595 2219 ipsa
1641 2147 1951 2219 quaeque
2001 2123 2436 2208 invenerat3

362 2258 624 2332 nempe
675 2246 762 2308 ut
810 2235 1050 2331 primo
1099 2234 1701 2309 demonstrentur
1734 2259 1821 2308 ea
1858 2259 2021 2330 quae
2057 2247 2231 2308 sunt
2265 2236 2440 2309 defi-

361 2348 767 2421 nitionibus
818 2348 1134 2421 maxime
1182 2348 1716 2421 universalibus
1768 2349 2103 2445 proxima
2147 2348 2255 2442 (in
2291 2373 2436 2444 quo

363 2462 786 2535 continetur
833 2484 1006 2559 pars
1055 2461 1541 2559 philosophiae
1591 2462 1719 2534 illa
1765 2486 1928 2559 quae
1972 2462 2439 2560 philosophia

362 2576 600 2671 prima
633 2575 933 2668 dicitur)
977 2574 1241 2648 deinde
1277 2600 1365 2649 ea
1399 2600 1562 2671 quae
1600 2576 2088 2650 demonstrari
2122 2590 2434 2674 possunt

362 2711 493 2783 per
523 2700 810 2762 motum
836 2688 1268 2785 simpliciter
1308 2689 1417 2783 (in
1447 2713 1593 2786 quo
1624 2690 1965 2764 consistit
1991 2690 2429 2787 geometria)

360 2814 531 2897 post
564 2802 1072 2897 geometriam,
1128 2826 1217 2875 ea
1271 2827 1433 2898 quae
1487 2803 1738 2875 doceri
1783 2815 2097 2899 possunt
2144 2827 2279 2900 per
2313 2828 2435 2876 ac-

362 2915 642 2987 tionem
699 2915 1188 3004 manifestam,
1251 2914 1329 2987 id
1383 2927 1520 3004 est,
1577 2939 1712 3011 per
1770 2915 2285 3010 impulsionem
2354 2927 2432 2989 et

363 3028 825 3101 tractionem.
915 3028 1097 3101 Inde
1131 3027 1228 3101 ad
1258 3039 1546 3102 motum
1577 3029 1900 3125 partium
1936 3029 2435 3120 invisibilium,

362 3140 514 3213 sive
547 3141 1060 3231 mutationem,
1106 3154 1182 3215 et
1215 3142 1312 3215 ad
1345 3142 1761 3215 doctrinam
1797 3166 2143 3215 sensuum
2176 3143 2436 3240 imagi-

361 3254 825 3349 nationisque
889 3253 1484 3329 descendendum
1534 3266 1674 3345 est,
1728 3267 1806 3329 et
1857 3256 1953 3329 ad
2010 3256 2435 3329 animalium

361 3366 735 3461 passiones
797 3366 1150 3456 internaS,
1220 3368 1632 3464 praesertim
1696 3391 1873 3441 vero
1942 3367 2285 3459 hominiS,
2354 3370 2434 3443 in

364 3479 626 3574 quibus
679 3478 1156 3552 continentur
1205 3480 1688 3553 fundamenta
1736 3481 1974 3578 prima
2025 3483 2433 3555 officiorum

365 3590 514 3664 sive
576 3590 935 3665 doctrinae
996 3592 1229 3666 civilis
1292 3618 1456 3689 quae
1507 3594 1756 3667 locum
1806 3605 2015 3668 tenet
2063 3595 2429 3668 ultimum.

367 3703 583 3778 Quod
617 3716 868 3778 autem
916 3705 1274 3780 doctrinae
1308 3708 1671 3780 universae
1707 3707 1890 3780 ordo
1925 3708 1988 3780 is
2025 3731 2243 3802 quem
2280 3708 2432 3781 dixi

365 3839 520 3890 osse
581 3816 870 3909 debeat,
935 3843 1026 3892 ex
1081 3843 1168 3892 eo
1232 3821 1580 3917 cognosci
1641 3831 1935 3917 potest;
2017 3820 2216 3915 quod
2268 3844 2432 3915 quae

363 3931 768 4025 posteriore
846 3931 1013 4006 loco
1094 3931 1427 4007 docenda
1494 3957 1652 4006 esse
1722 3933 2055 4023 dicimuS,
2133 3933 2275 4006 nisi
2341 3933 2431 4005 iis

367 4044 678 4138 cognitis
731 4067 893 4139 quae
945 4046 1189 4142 priore
1234 4047 1399 4121 loco
1453 4046 1846 4121 tractanda
1892 4058 2432 4142 proponuntur,

368 4153 851 4230 demonstrari
870 4182 1021 4233 non
1046 4171 1358 4256 possunt
1380 4192 1398 4244 ;
1436 4162 1647 4257 cujus
1667 4159 1998 4233 methodi
2020 4158 2433 4255 exemplum

365 4266 561 4343 aliud
625 4270 871 4344 afferri
937 4272 1196 4367 nequit
1259 4286 1532 4370 praeter
1600 4274 1834 4370 ipsam
1902 4273 2432 4346 elementorum
