3182 5102
679 483 786 534 nn
823 482 1401 534 REFRAcnoNE
1441 482 1542 534 ET
1581 482 2137 535 REFLEXIONE.
2292 472 2433 538 309

368 652 707 734 rarioris3
792 652 1384 747 intelligaturque
1452 652 1705 725 conari
1771 675 2058 747 quaqua
2123 674 2435 739 versum,
2488 663 2661 774 bug·
2675 663 2762 713 11¹·

367 766 778 860 habeatque
810 764 1116 861 proinde
1153 776 1500 838 conatum
1531 788 1663 860 per
1697 764 1758 837 A
1776 764 1837 838 Β
1871 774 1946 837 et
1978 764 2047 837 A
2070 764 2137 854 b,
2174 765 2502 899 quibus
2513 791 2745 827 κοψεν

369 878 662 973 oblique
708 889 1118 973 opponatur
1171 879 1391 951 medii
1443 878 1797 952 densioris
1852 878 2267 974 superficies
2305 878 2365 950 Β
2393 853 2533 965 ὂῗξῖ
2531 861 2676 981 ”pun
2621 870 2676 900 ²¹⁸
2697 855 2757 902 ἰ’

369 991 446 1063 in
484 992 544 1064 Β
582 1003 656 1064 et
691 992 760 1081 b,
795 991 900 1065 ita
950 1002 1035 1064 ut
1086 993 1154 1064 A
1177 993 1261 1081 Β,
1316 991 1451 1064 Ab
1484 993 1632 1066 sint
1684 990 2037 1087 aequales;
2092 991 2436 1067 extenda-
2460 934 2527 1047 ‘13
2528 999 2668 1046 ’Μ
2681 926 2773 1031 ⁸2·

368 1115 632 1200 turque
665 1104 1006 1199 utrinque
1056 1115 1258 1177 recta
1307 1104 1368 1178 Β
1397 1103 1462 1176 b.
1565 1105 1734 1177 Per
1728 1115 2024 1200 puncta
2070 1115 2315 1176 autem
2350 1103 2435 1192 Β,

372 1216 416 1289 b
451 1217 810 1290 ducantur
858 1216 1494 1312 perpendiculares
1529 1217 1589 1289 Β
1619 1217 1678 1289 C
1712 1228 1786 1289 et
1820 1216 1864 1289 b
1887 1242 1972 1289 c·
1955 1271 1975 1300 ,
2027 1217 2438 1312 centrisque

371 1330 454 1419 Β,
494 1329 538 1402 b
570 1329 791 1403 radiis
826 1331 886 1403 Β
906 1330 997 1419 Α,
1036 1329 1080 1402 b
1100 1330 1165 1402 A
1203 1330 1600 1427 aequalibus
1651 1330 2153 1403 describantur
2185 1329 2438 1402 circuli

369 1444 540 1532 AC,
583 1443 738 1533 Ac,
797 1454 1127 1518 secantes
1183 1445 1348 1533 BC,
1383 1442 1496 1516 bc
1549 1444 1628 1516 in
1678 1443 1737 1516 C
1771 1454 1845 1516 et
1899 1469 1963 1533 c,
2020 1454 2094 1517 et
2147 1443 2437 1517 easdem

368 1555 760 1651 productas
795 1557 872 1629 in
909 1556 974 1628 D
1010 1568 1086 1628 et
1122 1556 1196 1645 d,
1233 1569 1306 1629 et
1348 1557 1745 1652 productas
1779 1557 1846 1629 A
1869 1558 1954 1645 Β,
1991 1560 2054 1629 A
2081 1557 2125 1630 b
2158 1557 2235 1629 in
2269 1557 2329 1628 E
2365 1568 2439 1630 et

368 1695 432 1742 e.
515 1669 798 1742 Deinde
833 1694 878 1742 a
909 1680 1186 1765 puncto
1222 1670 1289 1742 A
1321 1669 1418 1741 ad
1458 1681 1697 1743 rectas
1735 1671 1794 1742 B
1817 1669 1899 1758 C,
1936 1669 1980 1742 b
2003 1695 2043 1742 c
2079 1670 2438 1743 ducantur

367 1782 1003 1879 perpendiculares
1064 1782 1133 1855 A
1154 1785 1231 1871 F,
1302 1784 1367 1854 Α
1364 1782 1452 1878 f.
1586 1783 1719 1855 Est
1788 1806 1961 1878 ergo
2030 1785 2093 1854 A
2118 1782 2175 1853 F
2238 1782 2436 1856 sinus

370 1895 619 1991 anguli
646 1895 1138 1969 inclinationis
1197 1909 1430 1969 rectae-
1453 1897 1521 1968 A
1546 1896 1631 1983 Β,
1669 1907 1744 1969 et
1775 1897 1843 1968 A
1839 1896 1920 1992 f
1939 1896 2138 1969 sinus
2189 1895 2435 1991 anguli

369 2008 859 2082 inclinationis
891 2020 1111 2082 rectae
1145 2008 1293 2098 Ab,
1322 2032 1485 2105 quae
1507 2008 1672 2081 duae
1690 2008 2196 2081 inclinationes
2223 2008 2435 2081 factae

369 2133 539 2199 sunt
589 2145 723 2219 per
776 2122 1392 2195 constructionem
1447 2121 1783 2218 aequales.
1886 2120 2093 2210 Dico,
2147 2130 2231 2193 ut
2264 2120 2437 2193 den-

367 2236 541 2309 sitas
608 2234 831 2308 medii
898 2235 976 2309 in
1031 2259 1175 2330 quo
1230 2248 1340 2308 est
1393 2235 1453 2306 B
1476 2234 1535 2307 C
1589 2244 1665 2307 et
1719 2233 1763 2306 b
1784 2259 1826 2306 c
1859 2233 1955 2306 ad
2001 2233 2434 2307 densitatem

368 2348 589 2422 medii
643 2348 728 2420 in'
768 2372 914 2444 quo
969 2359 1080 2420 est
1108 2348 1168 2420 Β
1196 2349 1262 2421 D
1299 2359 1373 2420 et
1407 2346 1451 2419 b
1476 2345 1549 2436 d,
1586 2347 1692 2419 ita
1724 2370 1881 2420 esse
1915 2347 2152 2420 sinum
2186 2347 2434 2443 anguli

369 2461 662 2534 refracti
695 2458 792 2532 ad
824 2459 1067 2532 sinum
1099 2459 1347 2556 anguli
1381 2458 1890 2533 inclinationis.

469 2575 798 2647 Ducatur
832 2585 1034 2647 recta
1066 2574 1123 2645 F
1144 2574 1206 2646 G
1237 2573 1583 2670 parallela
1602 2585 1822 2647 rectae
1843 2574 1910 2646 A
1934 2573 2018 2663 Β,
2048 2597 2435 2648 occurrens

371 2699 591 2761 rectae
619 2687 663 2760 b
677 2688 737 2759 B
771 2687 1149 2783 productae
1173 2687 1251 2760 in
1287 2687 1371 2761 G.
1476 2686 1844 2760 Quoniam
1873 2710 2047 2784 ergo
2072 2687 2435 2782 parallelae

370 2825 660 2897 quoque
695 2812 867 2872 sunt
900 2799 969 2872 A
990 2801 1068 2888 F,
1123 2799 1184 2871 B
1208 2798 1294 2890 G,
1333 2810 1550 2872 erunt
1585 2799 1646 2871 Β
1669 2799 1754 2888 G,
1791 2799 1858 2871 A
1880 2800 1937 2871 F
1969 2799 2309 2896 aequales,
2362 2810 2436 2872 et

367 2913 676 3010 proinde
711 2936 856 3008 quo
892 2924 1222 3007 tempore
1261 2922 1710 3008 propagatur
1765 2923 2068 2985 conatus
2099 2937 2231 3009 per
2267 2913 2334 2985 A
2354 2914 2434 3001 F,

370 3027 631 3100 eodem
680 3035 1012 3120 tempore
1061 3035 1593 3121 propagaretur
1644 3035 1949 3098 conatus
1999 3049 2131 3120 per
2166 3026 2225 3098 Β
2254 3026 2339 3114 G,
2376 3027 2435 3099 si

369 3140 692 3214 medium
716 3149 906 3211 esset
927 3137 1251 3233 ejusdem
1287 3138 1690 3211 densitatis.
1761 3137 1907 3211 Sed
1927 3139 2098 3234 quia
2117 3139 2437 3212 medium

371 3276 503 3348 per
546 3252 607 3324 B
631 3251 694 3325 G
738 3250 1031 3325 densius
1075 3262 1208 3338 est,
1262 3251 1341 3324 id
1394 3261 1528 3339 est,
1577 3250 1849 3325 resistit
1883 3253 2177 3326 conatui
2208 3253 2438 3349 magis

373 3389 591 3460 quam
618 3364 940 3436 medium
975 3364 1050 3436 in
1074 3388 1218 3459 quo
1248 3378 1360 3438 est
1392 3366 1460 3437 A
1482 3365 1560 3452 F,
1595 3366 2116 3461 propagabitur
2136 3378 2437 3444 conatus

374 3478 450 3550 in
503 3477 563 3549 Β
585 3477 650 3548 G
702 3477 943 3549 minus
990 3501 1208 3572 quam
1254 3478 1330 3549 in
1378 3478 1446 3549 A
1474 3478 1553 3566 F,
1599 3477 1677 3548 in
1731 3478 2017 3553 ratione
2061 3479 2439 3553 densitatis

373 3589 596 3662 medii
615 3591 740 3663 ubi
775 3592 843 3663 A
865 3591 943 3679 F,
980 3590 1075 3663 ad
1102 3590 1534 3664 densitatem
1561 3590 1781 3663 medii
1809 3592 1935 3664 ubi
1962 3602 2073 3665 est
2106 3594 2166 3666 Β
2189 3593 2293 3666 G:
2347 3594 2440 3666 sit

375 3729 553 3801 ergo
587 3713 672 3775 ut
706 3703 765 3774 Β
788 3703 853 3776 G
885 3702 980 3776 ad
1012 3703 1069 3775 B
1096 3704 1167 3776 H
1230 3705 1335 3778 ita
1387 3703 1707 3777 densitas
1761 3705 2007 3794 medii,
2042 3707 2117 3778 in
2151 3731 2296 3802 quo
2332 3718 2441 3779 est

379 3820 439 3891 B
467 3817 553 3906 G,
588 3817 685 3889 ad
719 3816 1153 3890 densitatem
1205 3817 1450 3906 medii,
1490 3817 1568 3891 in
1622 3841 1765 3912 quo
1818 3831 1932 3891 est
1957 3820 2025 3891 A
2047 3821 2103 3891 F
2133 3847 2150 3890 :
2204 3819 2440 3915 sitque

378 3930 731 4027 temporis
800 3953 1137 4003 mensura
1202 3931 1448 4003 radius
1516 3930 1792 4003 circuli.
1921 3932 2250 4010 Ducatur
2303 3932 2375 4003 H
2408 3933 2440 4006 I

374 4044 720 4142 parallela
769 4042 830 4116 Β
857 4042 924 4114 D
972 4067 1361 4119 occurrens
1396 4043 2000 4118 circumferentiae
2032 4046 2110 4117 in
2147 4046 2222 4129 I;
2275 4057 2349 4118 et
2402 4071 2446 4118 a

374 4170 648 4254 puncto
704 4157 738 4228 1
801 4155 1224 4230 demittatur
1271 4156 1366 4231 ad
1400 4155 1463 4228 B
1492 4156 1557 4228 D
1608 4157 2223 4253 perpendicularis
2272 4159 2442 4242 IK;

377 4282 738 4366 eruntque
794 4268 855 4341 B
881 4269 981 4358 H,
1039 4270 1073 4341 1
1103 4271 1168 4342 K
1205 4270 1540 4366 aequales,
1599 4284 1675 4344 et
1725 4272 1865 4345 erit
1899 4273 1931 4346 Ι
1960 4272 2026 4345 Κ
2062 4272 2157 4347 ad
2189 4273 2334 4345 AF
2366 4284 2448 4345 ut

379 4384 699 4458 densitas
755 4382 977 4456 medii
1011 4384 1087 4456 in
1122 4409 1268 4480 quo
1302 4384 1372 4456 A
1393 4385 1448 4456 F
1480 4384 1576 4457 ad
1631 4385 2066 4458 densitatem
2117 4384 2336 4459 medii
2371 4385 2446 4458 in
