3182 5102
979 505 1375 557 EPISTOL'A
1415 506 2010 559 DEDICATORIA‘.

416 684 790 780 physicam
847 709 1023 758 vero
1090 686 1394 760 humani
1455 688 1810 784 corporis³
1844 686 2231 784 specialem
2294 688 2589 784 ingenia

419 847 494 907 et
561 835 923 910 industria
982 837 1461 928 medicorum,
1507 838 1609 911 .id
1662 844 1794 928 est,
1854 843 2029 912 vero
2091 839 2586 936 physicorum,

418 986 850 1081 prasertim.
889 1011 1063 1061 vero
1133 968 1554 1061 nostrorum
1624 1013 1665 1062 e
1729 988 2056 1086 Collegio
2143 988 2591 1062 Londinensi

421 1136 1005 1212 doctissimorum
1064 1138 1470 1227 hominum,
1534 1162 1668 1235 pro
1723 1150 1876 1212 tam
1932 1139 2198 1235 exiguo
2259 1149 2590 1235 tempore

421 1286 713 1384 egregie
745 1300 1295 1383 promoverunt.
1403 1289 1713 1386 Physica
1756 1313 1932 1386 ergo
1979 1313 2094 1363 res
2139 1291 2422 1365 novitia
2457 1303 2588 1365 est.

424 1437 570 1510 Sed
616 1437 1078 1534 philosophia
1110 1439 1343 1513 civilis
1378 1440 1614 1514 multo
1667 1440 1908 1515 adhuc
1959 1441 2238 1538 magis3
2291 1454 2377 1514 ut
2428 1466 2593 1538 quae

422 1589 791 1685 antiquior
849 1614 998 1663 non
1060 1591 1158 1664 sit
1218 1591 1415 1683 (dico
1477 1592 1883 1681 lacessituS‚
1943 1597 2173 1686 utque
2229 1592 2466 1665 sciant
2516 1616 2594 1665 se

421 1762 681 1835 parum
733 1739 1130 1836 profecisse
1186 1741 1720 1814 obtrectatores
1770 1742 1944 1835 mei)
1979 1742 2169 1815 libro
2220 1754 2441 1837 quem
2474 1740 2597 1814 De

433 1889 607 1963 Cive
640 1891 797 1987 ipse
831 1892 1110 1988 scripsi.
1218 1891 1419 1967 Quid
1451 1892 1750 1965 autem?
1855 1892 2154 1966 Nulline
2191 1905 2404 1966 erant
2435 1892 2597 1989 phi-

427 2041 709 2138 losophi
759 2042 956 2139 apud
988 2042 1284 2116 Graecos
1336 2043 1705 2139 antiquoS‚
1759 2066 1998 2139 neque
2041 2043 2325 2140 physici
2359 2052 2599 2140 neque

429 2194 732 2268 civiles?
847 2196 1076 2269 Fuere
1107 2216 1112 2225 ·
1143 2209 1345 2269 certe
1414 2196 1542 2291 qui
1603 2196 1708 2268 sio
1766 2194 2351 2292 appellabantur,
2414 2205 2601 2268 teste

432 2343 778 2434 Luciano,
827 2369 873 2419 a
906 2370 1053 2442 quo
1101 2346 1338 2428 irrisi;
1395 2344 1708 2418 testibus
1742 2345 2114 2418 nonnullis
2158 2345 2600 2438 civitatibuS,

430 2494 625 2569 unde
677 2496 939 2571 edictis
989 2496 1302 2593 publicis
1336 2498 1603 2594 saepius
1638 2509 1812 2571 sunt
1845 2497 2151 2594 expulsi.
2259 2496 2407 2570 Sed
2450 2518 2602 2570 non

433 2647 528 2720 ob
585 2670 747 2720 eam
789 2672 945 2720 rem
997 2671 1304 2721 wnecesse
1349 2659 1470 2722 est*
1496 2648 1725 2722 fuisse
1758 2648 2318 2745 philosophiam.
2420 2649 2604 2722 Ver-

432 2797 731 2871 sabatur
815 2798 890 2869 in
960 2798 1264 2894 antiqua
1341 2799 1625 2872 Graecia
1706 2799 2145 2895 phantasma
2193 2801 2602 2897 quoddam,

431 2960 732 3045 propter
790 2949 1247 3045 superficiem
1313 2950 1693 3045 gravitatis
1768 2952 1970 3043 (nam
2043 2953 2240 3025 intus
2308 2954 2607 3050 plenum

436 3113 596 3174 erat
659 3101 918 3175 fraude
987 3115 1061 3174 et
1129 3101 1497 3196 sordibus)
1586 3102 2069 3199 philosophiae
2147 3103 2608 3199 aliquatenus

435 3251 691 3340 simile,
760 3275 980 3348 quam
1061 3251 1337 3325 incauti
1419 3251 1751 3326 homines
1833 3252 2366 3349 philosophiam
2444 3277 2610 3327 esse

439 3403 794 3492 arbitrati,
829 3403 1359 3500 professoribus
1395 3404 1574 3499 ejuS‚
1612 3401 1752 3474 etsi
1785 3403 2093 3475 inter-se
2130 3402 2607 3494 discordibuS,

438 3553 565 3626 alii
591 3554 754 3627 aliis
788 3554 1414 3642 adhaerescebant,
1457 3554 1692 3649 iisque
1721 3552 1818 3625 ad
1863 3553 2292 3649 sapientiam
2344 3554 2611 3649 magis-

438 3705 574 3777 tris
628 3704 1021 3778 tradebant
1063 3706 1332 3779 liberos
1387 3728 1558 3778 suos
1593 3704 1880 3800 magnis
1924 3703 2384 3777 mercedibus
2430 3705 2613 3777 nihil

442 3854 810 3929 docendos
840 3869 1332 3952 praeterquam
1368 3855 1765 3952 disputare,
1801 3856 2299 3953 neglectisque
2323 3856 2615 3951 legibus

445 4004 537 4077 de
572 4006 774 4078 omni
802 4006 1208 4101 quaestione
1243 4030 1376 4078 suo
1407 4029 1770 4101 quemque
1807 4005 2110 4079 arbitrio
2146 4006 2613 4079 constituere.

447 4155 626 4229 Nati
680 4155 821 4230 illis
875 4157 1329 4253 temporibus
1379 4157 1729 4231 Ecclesiae
1784 4168 1951 4254 post
2003 4158 2395 4255 Apostolos
2444 4155 2627 4230 doc-¹
2696 4211 2703 4216 <

445 4321 644 4380 tores
702 4307 945 4402 primi,
999 4306 1174 4380 dum
1229 4305 1450 4379 fidem
1505 4307 1994 4380 Christianam
2052 4320 2312 4382 contra
2334 4343 2337 4344 f
2363 4318 2619 4404 gentes
