3182 5102
344 679 516 728 PARS
551 678 595 726 Ι.

479 2758 634 2884 1-0ρῖΒί

701 468 795 532 66
1180 482 1713 536 coMPU'rA'rm
1755 486 1943 538 sivE
1985 489 2308 540 Looch.

705 650 989 746 injusta
1023 649 1151 737 sit,
1188 650 1624 724 resolvendo
1659 652 1843 725 illud
1878 654 2229 747 injustum
2273 653 2668 748 infactum
2705 666 2782 727 et

704 773 972 838 contra
1008 762 1242 861 leg-ea,
1299 774 1376 836 et
1408 765 1792 838 notionem
1827 767 2027 839 illam
2064 765 2289 865 legis,
2344 767 2420 839 in
2472 766 2780 838 manda-

705 888 856 951 tum
892 878 1048 974 ejus
1104 876 1230 971 qui
1266 901 1608 950 coercere
1628 888 1918 976 potest,
1981 891 2059 952 et
2104 880 2528 976 potentiam
2581 878 2783 951 illam

703 993 781 1064 in
816 990 1266 1067 voluntatem
1298 990 1684 1063 hominum
1716 993 1919 1089 pacis
1972 1017 2195 1066 causa
2244 993 2469 1066 talem
2518 1004 2782 1089 potens

705 1106 888 1178 tiam
950 1103 1586 1195 constituentium,
1635 1106 2108 1202 pervenietur
2143 1108 2443 1180 tandem
2497 1107 2593 1179 ad
2639 1105 2784 1179 hoc

706 1218 908 1315 quod
941 1216 1126 1290 tales
1162 1229 1336 1289 sunt
1390 1217 1775 1290 hominum
1809 1221 2181 1314 appetitus
2218 1231 2294 1292 et
2344 1232 2590 1292 motus
2625 1220 2783 1291 ani-

706 1356 996 1405 morum
1027 1342 1115 1403 ut
1148 1330 1291 1403 nisi
1326 1331 1476 1402 sint
1510 1333 1913 1428 apotentia
1947 1333 2193 1429 aliqua
2227 1333 2554 1418 coerciti,
2586 1332 2783 1406 bello

707 1470 785 1519 se
814 1446 1131 1518 invicem
1157 1446 1619 1541 persecuturi
1647 1446 1819 1536 sint,
1843 1446 1921 1518 id
1948 1447 2149 1542 quod
2167 1471 2300 1543 per
2317 1447 2785 1543 uniuscujus-

707 1583 849 1656 que
882 1558 1268 1656 proprium
1310 1558 1640 1631 animum
1676 1559 2165 1632 examinantis
2228 1560 2782 1655 experientiam,

708 1671 1058 1769 cognosci
1113 1683 1386 1767 potest.
1493 1671 1752 1765 Itaque
1834 1672 1926 1744 ab
1992 1672 2137 1744 hoc
2202 1671 2367 1745 loco
2435 1671 2786 1769 progredi

706 1798 955 1883 potest
988 1785 1524 1881 componend0,
1578 1783 1674 1857 ad
1724 1784 2358 1857 determinandam
2393 1785 2787 1881 cujuslibet

708 1899 1021 1973 actionis
1054 1899 1458 1995 propositae
1501 1898 1870 1995 justitiam
1902 1898 2020 1971 vel
2052 1898 2514 1995 injustitiam.
2617 1899 2786 1971 Jam

709 2038 800 2085 ex
868 2013 957 2085 iis
1020 2036 1184 2107 quae
1253 2011 1571 2084 diximus
1633 2010 2106 2084 manifestum
2174 2023 2288 2084 est
2352 2012 2789 2084 methodum

706 2126 1280 2223 philosophandi
1306 2125 1395 2198 iis
1425 2126 1551 2221 qui
1566 2125 1997 2220 simpliciter
2008 2125 2393 2198 scientiam
2415 2137 2784 2221 quaerunt,

709 2240 914 2313 nulla
934 2250 1135 2312 certa
1165 2239 1572 2334 quaestione
1598 2239 2003 2334 proposita,
2036 2238 2310 2334 partim
2343 2238 2788 2335 analyticam

708 2354 982 2450 partim
1037 2353 1530 2449 syntheticam
1577 2375 1761 2440 esse,
1808 2351 2154 2424 nimirum
2207 2376 2253 2424 a
2304 2352 2640 2424 sensibus
2691 2352 2789 2425 ad

711 2466 1214 2540 inventionem
1244 2465 1800 2564 principiorum,
1827 2466 2271 2563 analyticam
2299 2491 2482 2557 esse,
2520 2478 2791 2540 caetera

711 2580 1227 2677 syntheticam.

563 2707 687 2804 ⁰1⁸2„
725 2714 728 2717 ’
811 2703 881 2768 8.
938 2693 1463 2768 Quaerentibus
1496 2692 1965 2789 phaenomeni
1991 2690 2107 2764 vel
2144 2694 2448 2765 effectus
2478 2692 2789 2789 alicujus

638 2831 687 2871 ta

711 2808 898 2880 certi
965 2818 1042 2879 et
1106 2805 1469 2903 propositi
1527 2829 1824 2878 causam
1885 2805 2279 2901 aliquando
2343 2805 2639 2896 accidit,
2701 2816 2789 2877 ut

596 2968 672 3001 m.
708 2933 960 2994 utrum
996 2943 1084 2992 ea
1116 2944 1234 2992 res
1271 2921 1478 3015 cujus
1533 2941 1829 2992 causam
1865 2918 2284 3013 quaerimuS‚
2319 2919 2631 2991 materia
2665 2918 2787 3007 sit,

711 3034 864 3107 sive
908 3057 1199 3129 corpuS,
1243 3056 1340 3104 an
1395 3031 1726 3127 corporis
1785 3030 2127 3104 accidens
2189 3031 2512 3127 aliquod,
2577 3032 2788 3127 igno-

710 3159 937 3220 retur.
1044 3145 1237 3219 Nam
1274 3145 1413 3217 etsi
1457 3145 1535 3216 in
1570 3144 1981 3240 geometria
2012 3144 2139 3217 ubi
2175 3145 2532 3241 quaeritur
2566 3169 2791 3218 causa

709 3259 1267 3357 magnitudiniS,
1329 3258 1447 3331 vel
1513 3257 2014 3354 proportionis
2072 3257 2191 3330 vel
2243 3259 2523 3355 figurae,
2582 3270 2789 3330 certo

712 3374 1052 3463 sciamuS,
1117 3396 1239 3445 eas
1293 3395 1413 3445 res
1471 3394 1738 3466 nempe
1806 3370 2414 3465 magnitudinem,
2477 3395 2789 3468 propor-

710 3488 993 3560 tionem
1060 3497 1138 3559 et
1202 3487 1516 3581 figuram
1565 3507 1725 3557 esse
1784 3483 2216 3557 accidentia.
2342 3486 2431 3557 In
2484 3484 2791 3582 physica

710 3613 963 3673 tamen
1020 3599 1150 3672 ubi
1212 3599 1322 3671 de‘
1379 3599 1978 3695 phantasmatum
2041 3597 2494 3671 sensibilium
2549 3599 2789 3671 causis

711 3714 981 3810 agitur,
1036 3736 1200 3808 quae
1251 3736 1386 3809 pro
1441 3712 1620 3808 ipsis
1682 3711 1901 3784 rebus
1970 3733 2283 3806 quorum
2336 3723 2508 3784 sunt
2557 3711 2792 3807 phan-

710 3837 1031 3900 tasmata
1098 3849 1256 3899 sese
1326 3827 1649 3898 offerunt
1708 3824 2076 3920 plerisque
2142 3824 2555 3920 imponunt,
2633 3850 2789 3899 non

710 3940 820 4013 ita
902 3938 1138 4012 facilis
1223 3951 1338 4012 est
1422 3938 1881 4035 dijudicatio.
1986 3938 2401 4010 Praesertim
2468 3961 2644 4010 vero
2707 3938 2788 4011 in

709 4052 1246 4148 phantasmatis
1294 4051 1641 4135 visionis;
1697 4050 2011 4147 exempli
2073 4074 2314 4140 causa,
2373 4050 2500 4145 qui
2555 4050 2788 4123 solem

713 4165 1046 4237 intuetur
1080 4164 1331 4237 existit
1365 4163 1472 4237 illi
1506 4163 1675 4237 idea
1710 4165 2046 4260 quaedam
2084 4162 2467 4258 splendida
2499 4165 2786 4260 magni-

713 4276 992 4350 tudinis
1027 4276 1237 4371 quasi
1276 4278 1440 4373 (per
1474 4276 1946 4372 diametrum)
1997 4276 2216 4349 unius
2250 4276 2458 4372 pedis
2489 4308 2508 4361 3
2561 4288 2787 4373 atque

713 4389 793 4461 id
825 4390 1066 4486 ipsum
1092 4389 1415 4486 appellat
1447 4390 1569 4465 ille
1606 4391 1857 4481 solem,
1911 4389 2135 4464 etiam
2169 4389 2230 4461 si
2266 4390 2498 4463 solem
2530 4413 2788 4464 revera
