<?xml version="1.0" encoding="UTF-8"?>
<!DOCTYPE html PUBLIC "-//W3C//DTD XHTML 1.0 Transitional//EN"
    "http://www.w3.org/TR/xhtml1/DTD/xhtml1-transitional.dtd">
<html xmlns="http://www.w3.org/1999/xhtml" xml:lang="en" lang="en">
 <head>
  <title>
</title>
<meta http-equiv="Content-Type" content="text/html;charset=utf-8" />
  <meta name='ocr-system' content='tesseract 3.04.00' />
  <meta name='ocr-capabilities' content='ocr_page ocr_carea ocr_par ocr_line ocrx_word'/>
</head>
<body>
  <div class='ocr_page' id='page_1' title='image "./thomhobbesmalme03molegoog_0443.png"; bbox 0 0 3182 5102; ppageno 0'>
   <div class='ocr_carea' id='block_1_1' title="bbox 702 466 2437 535">
    <p class='ocr_par' dir='ltr' id='par_1_1' title="bbox 702 466 2437 535">
     <span class='ocr_line' id='line_1_1' title="bbox 702 466 2437 535; baseline -0.001 -2"><span class='ocrx_word' id='word_1_1' title='bbox 702 483 809 535; x_wconf 75' lang='lat' dir='ltr'>DE</span> <span class='ocrx_word' id='word_1_2' title='bbox 849 484 1183 534; x_wconf 74' lang='lat' dir='ltr'>cAETERA</span> <span class='ocrx_word' id='word_1_3' title='bbox 1222 483 1585 535; x_wconf 78' lang='lat' dir='ltr'>MoTUUM</span> <span class='ocrx_word' id='word_1_4' title='bbox 1629 481 2123 533; x_wconf 77' lang='lat' dir='ltr'>VARIETATE.</span> <span class='ocrx_word' id='word_1_5' title='bbox 2303 466 2437 533; x_wconf 86' lang='grc'>281</span> 
     </span>
    </p>
   </div>
   <div class='ocr_carea' id='block_1_2' title="bbox 373 651 2797 750">
    <p class='ocr_par' dir='ltr' id='par_1_2' title="bbox 373 651 2797 750">
     <span class='ocr_line' id='line_1_2' title="bbox 373 651 2797 750; baseline -0.002 -26"><span class='ocrx_word' id='word_1_6' title='bbox 373 652 565 724; x_wconf 91' lang='lat' dir='ltr'>Nam</span> <span class='ocrx_word' id='word_1_7' title='bbox 627 652 901 727; x_wconf 90' lang='lat' dir='ltr'>ablatio</span> <span class='ocrx_word' id='word_1_8' title='bbox 961 653 1468 750; x_wconf 84' lang='lat' dir='ltr'>impedimenti</span> <span class='ocrx_word' id='word_1_9' title='bbox 1533 676 1774 726; x_wconf 87' lang='lat' dir='ltr'>causae</span> <span class='ocrx_word' id='word_1_10' title='bbox 1834 651 2235 726; x_wconf 88' lang='lat' dir='ltr'>efficaciam</span> <span class='ocrx_word' id='word_1_11' title='bbox 2289 675 2443 723; x_wconf 88' lang='lat' dir='ltr'>non</span> <span class='ocrx_word' id='word_1_12' title='bbox 2493 654 2669 704; x_wconf 75' lang='lat' dir='ltr'><strong>PARS</strong></span> <span class='ocrx_word' id='word_1_13' title='bbox 2707 654 2797 703; x_wconf 84' lang='lat'><strong>¹¹¹·</strong></span> 
     </span>
    </p>
   </div>
   <div class='ocr_carea' id='block_1_3' title="bbox 2608 721 2688 768">
    <p class='ocr_par' dir='ltr' id='par_1_3' title="bbox 2608 721 2688 768">
     <span class='ocr_line' id='line_1_3' title="bbox 2608 721 2688 768; baseline 0.013 -1"><span class='ocrx_word' id='word_1_14' title='bbox 2608 721 2688 768; x_wconf 81' lang='lat'>22.</span> 
     </span>
    </p>
   </div>
   <div class='ocr_carea' id='block_1_4' title="bbox 371 764 2772 862">
    <p class='ocr_par' dir='ltr' id='par_1_4' title="bbox 371 764 2772 862">
     <span class='ocr_line' id='line_1_4' title="bbox 371 764 2772 862; baseline 0 -26"><span class='ocrx_word' id='word_1_15' title='bbox 371 764 617 854; x_wconf 91' lang='lat' dir='ltr'>habet,</span> <span class='ocrx_word' id='word_1_16' title='bbox 675 778 762 839; x_wconf 89' lang='lat' dir='ltr'>ut</span> <span class='ocrx_word' id='word_1_17' title='bbox 813 778 1190 838; x_wconf 91' lang='lat' dir='ltr'>ostensum</span> <span class='ocrx_word' id='word_1_18' title='bbox 1240 766 1464 839; x_wconf 91' lang='lat' dir='ltr'>estin</span> <span class='ocrx_word' id='word_1_19' title='bbox 1499 768 1648 839; x_wconf 91' lang='lat' dir='ltr'>fine</span> <span class='ocrx_word' id='word_1_20' title='bbox 1683 778 1823 838; x_wconf 89' lang='lat' dir='ltr'>art.</span> <span class='ocrx_word' id='word_1_21' title='bbox 1856 776 1926 854; x_wconf 88' lang='grc'>3,</span> <span class='ocrx_word' id='word_1_22' title='bbox 1984 765 2247 862; x_wconf 90' lang='lat' dir='ltr'>capitis</span> <span class='ocrx_word' id='word_1_23' title='bbox 2302 788 2443 837; x_wconf 86' lang='lat' dir='ltr'>xv.</span> <span class='ocrx_word' id='word_1_24' title='bbox 2520 791 2772 825; x_wconf 41' lang='grc' dir='ltr'>»Ἶ-ν</span> 
     </span>
    </p>
   </div>
   <div class='ocr_carea' id='block_1_5' title="bbox 367 877 2453 1995">
    <p class='ocr_par' dir='ltr' id='par_1_5' title="bbox 367 877 2453 1995">
     <span class='ocr_line' id='line_1_5' title="bbox 373 877 2445 975; baseline 0 -26"><span class='ocrx_word' id='word_1_25' title='bbox 373 877 613 951; x_wconf 84' lang='lat' dir='ltr'>Causa</span> <span class='ocrx_word' id='word_1_26' title='bbox 636 903 814 975; x_wconf 89' lang='lat' dir='ltr'>ergo</span> <span class='ocrx_word' id='word_1_27' title='bbox 842 879 1333 952; x_wconf 82' lang='lat' dir='ltr'>restitutionis</span> <span class='ocrx_word' id='word_1_28' title='bbox 1365 880 1582 951; x_wconf 89' lang='lat' dir='ltr'>estin</span> <span class='ocrx_word' id='word_1_29' title='bbox 1611 891 1820 951; x_wconf 93' lang='lat' dir='ltr'>motu</span> <span class='ocrx_word' id='word_1_30' title='bbox 1849 880 2094 975; x_wconf 89' lang='lat' dir='ltr'>aliquo</span> <span class='ocrx_word' id='word_1_31' title='bbox 2123 878 2445 975; x_wconf 91' lang='lat' dir='ltr'>partium</span> 
     </span>
     <span class='ocr_line' id='line_1_6' title="bbox 372 992 2449 1090; baseline 0 -26"><span class='ocrx_word' id='word_1_32' title='bbox 372 993 702 1088; x_wconf 85' lang='lat' dir='ltr'>corporis</span> <span class='ocrx_word' id='word_1_33' title='bbox 771 1017 1272 1090; x_wconf 91' lang='lat' dir='ltr'>compressum</span> <span class='ocrx_word' id='word_1_34' title='bbox 1327 993 1444 1065; x_wconf 90' lang='lat' dir='ltr'>vel</span> <span class='ocrx_word' id='word_1_35' title='bbox 1504 1007 1797 1066; x_wconf 88' lang='lat' dir='ltr'>tensum</span> <span class='ocrx_word' id='word_1_36' title='bbox 1859 993 2275 1079; x_wconf 82' lang='lat' dir='ltr'>ambientiS‚</span> <span class='ocrx_word' id='word_1_37' title='bbox 2332 992 2449 1064; x_wconf 91' lang='lat' dir='ltr'>vel</span> 
     </span>
     <span class='ocr_line' id='line_1_7' title="bbox 369 1105 2448 1203; baseline 0 -25"><span class='ocrx_word' id='word_1_38' title='bbox 369 1106 691 1202; x_wconf 90' lang='lat' dir='ltr'>partium</span> <span class='ocrx_word' id='word_1_39' title='bbox 745 1106 974 1203; x_wconf 88' lang='lat' dir='ltr'>ipsius</span> <span class='ocrx_word' id='word_1_40' title='bbox 1030 1106 1429 1202; x_wconf 86' lang='lat' dir='ltr'>compressi</span> <span class='ocrx_word' id='word_1_41' title='bbox 1484 1106 1601 1178; x_wconf 91' lang='lat' dir='ltr'>vel</span> <span class='ocrx_word' id='word_1_42' title='bbox 1671 1106 1887 1179; x_wconf 90' lang='lat' dir='ltr'>tensi.</span> <span class='ocrx_word' id='word_1_43' title='bbox 1996 1105 2142 1178; x_wconf 90' lang='lat' dir='ltr'>Sed</span> <span class='ocrx_word' id='word_1_44' title='bbox 2198 1118 2448 1202; x_wconf 90' lang='lat' dir='ltr'>partes</span> 
     </span>
     <span class='ocr_line' id='line_1_8' title="bbox 370 1218 2449 1315; baseline 0 -24"><span class='ocrx_word' id='word_1_45' title='bbox 370 1218 760 1292; x_wconf 82' lang='lat' dir='ltr'>ambientis</span> <span class='ocrx_word' id='word_1_46' title='bbox 849 1219 1130 1293; x_wconf 93' lang='lat' dir='ltr'>nullum</span> <span class='ocrx_word' id='word_1_47' title='bbox 1216 1219 1494 1291; x_wconf 91' lang='lat' dir='ltr'>habent</span> <span class='ocrx_word' id='word_1_48' title='bbox 1586 1231 1960 1306; x_wconf 90' lang='lat' dir='ltr'>conatum,</span> <span class='ocrx_word' id='word_1_49' title='bbox 2033 1218 2158 1315; x_wconf 92' lang='lat' dir='ltr'>qui</span> <span class='ocrx_word' id='word_1_50' title='bbox 2224 1218 2449 1291; x_wconf 89' lang='lat' dir='ltr'>faciat</span> 
     </span>
     <span class='ocr_line' id='line_1_9' title="bbox 371 1331 2449 1428; baseline -0 -24"><span class='ocrx_word' id='word_1_51' title='bbox 371 1354 609 1427; x_wconf 89' lang='lat' dir='ltr'>neque</span> <span class='ocrx_word' id='word_1_52' title='bbox 678 1331 773 1404; x_wconf 90' lang='lat' dir='ltr'>ad</span> <span class='ocrx_word' id='word_1_53' title='bbox 842 1332 1463 1428; x_wconf 88' lang='lat' dir='ltr'>compressionem</span> <span class='ocrx_word' id='word_1_54' title='bbox 1522 1332 1639 1403; x_wconf 92' lang='lat' dir='ltr'>vel</span> <span class='ocrx_word' id='word_1_55' title='bbox 1700 1332 2139 1422; x_wconf 91' lang='lat' dir='ltr'>tensionem,</span> <span class='ocrx_word' id='word_1_56' title='bbox 2209 1355 2449 1428; x_wconf 89' lang='lat' dir='ltr'>neque</span> 
     </span>
     <span class='ocr_line' id='line_1_10' title="bbox 367 1444 2453 1540; baseline 0 -24"><span class='ocrx_word' id='word_1_57' title='bbox 367 1444 881 1518; x_wconf 86' lang='lat' dir='ltr'>liberationem</span> <span class='ocrx_word' id='word_1_58' title='bbox 940 1457 1017 1517; x_wconf 92' lang='lat' dir='ltr'>et</span> <span class='ocrx_word' id='word_1_59' title='bbox 1078 1445 1679 1529; x_wconf 90' lang='lat' dir='ltr'>restitutionem;</span> <span class='ocrx_word' id='word_1_60' title='bbox 1754 1457 1989 1518; x_wconf 90' lang='lat' dir='ltr'>restat</span> <span class='ocrx_word' id='word_1_61' title='bbox 2040 1468 2217 1540; x_wconf 89' lang='lat' dir='ltr'>ergo</span> <span class='ocrx_word' id='word_1_62' title='bbox 2271 1456 2358 1517; x_wconf 90' lang='lat' dir='ltr'>ut</span> <span class='ocrx_word' id='word_1_63' title='bbox 2408 1469 2453 1516; x_wconf 91' lang='lat' dir='ltr'>a</span> 
     </span>
     <span class='ocr_line' id='line_1_11' title="bbox 369 1556 2450 1655; baseline -0 -24"><span class='ocrx_word' id='word_1_64' title='bbox 369 1570 700 1655; x_wconf 90' lang='lat' dir='ltr'>tempore</span> <span class='ocrx_word' id='word_1_65' title='bbox 736 1558 963 1654; x_wconf 87' lang='lat' dir='ltr'>ipsius</span> <span class='ocrx_word' id='word_1_66' title='bbox 993 1557 1558 1654; x_wconf 86' lang='lat' dir='ltr'>compressionis</span> <span class='ocrx_word' id='word_1_67' title='bbox 1590 1558 1714 1629; x_wconf 89' lang='lat' dir='ltr'>vel</span> <span class='ocrx_word' id='word_1_68' title='bbox 1757 1557 2115 1631; x_wconf 91' lang='lat' dir='ltr'>tensionis</span> <span class='ocrx_word' id='word_1_69' title='bbox 2150 1556 2450 1630; x_wconf 90' lang='lat' dir='ltr'>relictus</span> 
     </span>
     <span class='ocr_line' id='line_1_12' title="bbox 370 1671 2451 1768; baseline 0 -25"><span class='ocrx_word' id='word_1_70' title='bbox 370 1672 468 1743; x_wconf 88' lang='lat' dir='ltr'>sit</span> <span class='ocrx_word' id='word_1_71' title='bbox 520 1685 828 1745; x_wconf 90' lang='lat' dir='ltr'>conatus</span> <span class='ocrx_word' id='word_1_72' title='bbox 884 1672 1038 1744; x_wconf 90' lang='lat' dir='ltr'>sive</span> <span class='ocrx_word' id='word_1_73' title='bbox 1086 1684 1332 1744; x_wconf 89' lang='lat' dir='ltr'>motus</span> <span class='ocrx_word' id='word_1_74' title='bbox 1389 1671 1675 1767; x_wconf 90' lang='lat' dir='ltr'>aliquis,</span> <span class='ocrx_word' id='word_1_75' title='bbox 1733 1695 1867 1768; x_wconf 91' lang='lat' dir='ltr'>per</span> <span class='ocrx_word' id='word_1_76' title='bbox 1919 1695 2138 1767; x_wconf 88' lang='lat' dir='ltr'>quem</span> <span class='ocrx_word' id='word_1_77' title='bbox 2201 1683 2451 1744; x_wconf 90' lang='lat' dir='ltr'>amoto</span> 
     </span>
     <span class='ocr_line' id='line_1_13' title="bbox 373 1784 2452 1881; baseline 0 -25"><span class='ocrx_word' id='word_1_78' title='bbox 373 1784 897 1880; x_wconf 90' lang='lat' dir='ltr'>impedimento</span> <span class='ocrx_word' id='word_1_79' title='bbox 927 1809 1385 1881; x_wconf 86' lang='lat' dir='ltr'>unaquaeque</span> <span class='ocrx_word' id='word_1_80' title='bbox 1413 1809 1584 1881; x_wconf 90' lang='lat' dir='ltr'>pars</span> <span class='ocrx_word' id='word_1_81' title='bbox 1612 1785 1857 1857; x_wconf 90' lang='lat' dir='ltr'>locum</span> <span class='ocrx_word' id='word_1_82' title='bbox 1890 1809 2100 1857; x_wconf 92' lang='lat' dir='ltr'>suum</span> <span class='ocrx_word' id='word_1_83' title='bbox 2130 1784 2452 1879; x_wconf 86' lang='lat' dir='ltr'>priorem</span> 
     </span>
     <span class='ocr_line' id='line_1_14' title="bbox 374 1897 1756 1995; baseline -0.002 -24"><span class='ocrx_word' id='word_1_84' title='bbox 374 1899 712 1995; x_wconf 83' lang='lat' dir='ltr'>capessit,</span> <span class='ocrx_word' id='word_1_85' title='bbox 748 1898 827 1972; x_wconf 92' lang='lat' dir='ltr'>id</span> <span class='ocrx_word' id='word_1_86' title='bbox 860 1910 997 1988; x_wconf 91' lang='lat' dir='ltr'>est,</span> <span class='ocrx_word' id='word_1_87' title='bbox 1035 1911 1278 1971; x_wconf 91' lang='lat' dir='ltr'>totum</span> <span class='ocrx_word' id='word_1_88' title='bbox 1312 1897 1756 1970; x_wconf 89' lang='lat' dir='ltr'>restituitur.</span> 
     </span>
    </p>
   </div>
   <div class='ocr_carea' id='block_1_6' title="bbox 482 2008 2748 2106">
    <p class='ocr_par' dir='ltr' id='par_1_6' title="bbox 482 2008 2748 2106">
     <span class='ocr_line' id='line_1_15' title="bbox 482 2008 2748 2106; baseline -0.002 -22"><span class='ocrx_word' id='word_1_89' title='bbox 482 2021 592 2084; x_wconf 85' lang='lat'>14.</span> <span class='ocrx_word' id='word_1_90' title='bbox 648 2012 734 2084; x_wconf 91' lang='lat' dir='ltr'>In</span> <span class='ocrx_word' id='word_1_91' title='bbox 756 2012 1110 2099; x_wconf 79' lang='lat' dir='ltr'>vectione,</span> <span class='ocrx_word' id='word_1_92' title='bbox 1135 2012 1196 2084; x_wconf 90' lang='lat' dir='ltr'>si</span> <span class='ocrx_word' id='word_1_93' title='bbox 1218 2011 1485 2083; x_wconf 72' lang='lat' dir='ltr'>vehens</span> <span class='ocrx_word' id='word_1_94' title='bbox 1512 2010 1878 2106; x_wconf 86' lang='lat' dir='ltr'>impingat</span> <span class='ocrx_word' id='word_1_95' title='bbox 1903 2010 2021 2082; x_wconf 84' lang='lat' dir='ltr'>vel</span> <span class='ocrx_word' id='word_1_96' title='bbox 2051 2008 2453 2104; x_wconf 86' lang='lat' dir='ltr'>quomodo·</span> <span class='ocrx_word' id='word_1_97' title='bbox 2480 2022 2531 2070; x_wconf 87' lang='lat' dir='ltr'>Si</span> <span class='ocrx_word' id='word_1_98' title='bbox 2570 2021 2748 2069; x_wconf 78' lang='lat' dir='ltr'>vehen-</span> 
     </span>
    </p>
   </div>
   <div class='ocr_carea' id='block_1_7' title="bbox 2481 2087 2858 2150">
    <p class='ocr_par' dir='ltr' id='par_1_7' title="bbox 2481 2087 2858 2150">
     <span class='ocr_line' id='line_1_16' title="bbox 2481 2087 2858 2150; baseline -0.003 -15"><span class='ocrx_word' id='word_1_99' title='bbox 2481 2087 2730 2150; x_wconf 75' lang='lat' dir='ltr'>impingat,</span> <span class='ocrx_word' id='word_1_100' title='bbox 2751 2101 2858 2135; x_wconf 76' lang='lat' dir='ltr'>vec-</span> 
     </span>
    </p>
   </div>
   <div class='ocr_carea' id='block_1_8' title="bbox 371 2124 2766 2333">
    <p class='ocr_par' dir='ltr' id='par_1_8' title="bbox 371 2124 2766 2333">
     <span class='ocr_line' id='line_1_17' title="bbox 373 2124 2766 2221; baseline 0.001 -24"><span class='ocrx_word' id='word_1_101' title='bbox 373 2149 659 2221; x_wconf 89' lang='lat' dir='ltr'>cunque</span> <span class='ocrx_word' id='word_1_102' title='bbox 683 2125 927 2198; x_wconf 93' lang='lat' dir='ltr'>subito</span> <span class='ocrx_word' id='word_1_103' title='bbox 952 2124 1279 2213; x_wconf 89' lang='lat' dir='ltr'>sistatur,</span> <span class='ocrx_word' id='word_1_104' title='bbox 1296 2137 1593 2197; x_wconf 90' lang='lat' dir='ltr'>vectum</span> <span class='ocrx_word' id='word_1_105' title='bbox 1615 2136 1865 2196; x_wconf 92' lang='lat' dir='ltr'>autem</span> <span class='ocrx_word' id='word_1_106' title='bbox 1889 2146 2042 2195; x_wconf 93' lang='lat' dir='ltr'>non</span> <span class='ocrx_word' id='word_1_107' title='bbox 2065 2124 2451 2220; x_wconf 75' lang='lat' dir='ltr'>impingat,</span> <span class='ocrx_word' id='word_1_108' title='bbox 2481 2162 2584 2200; x_wconf 74' lang='lat' dir='ltr'>tum</span> <span class='ocrx_word' id='word_1_109' title='bbox 2608 2161 2766 2199; x_wconf 68' lang='lat' dir='ltr'>tamen</span> 
     </span>
     <span class='ocr_line' id='line_1_18' title="bbox 371 2217 2719 2333; baseline -0.003 -22"><span class='ocrx_word' id='word_1_110' title='bbox 371 2251 672 2311; x_wconf 82' lang='lat' dir='ltr'>vectum·</span> <span class='ocrx_word' id='word_1_111' title='bbox 705 2237 1061 2333; x_wconf 90' lang='lat' dir='ltr'>procedet</span> <span class='ocrx_word' id='word_1_112' title='bbox 1111 2238 1346 2311; x_wconf 91' lang='lat' dir='ltr'>donec</span> <span class='ocrx_word' id='word_1_113' title='bbox 1399 2239 1492 2310; x_wconf 92' lang='lat' dir='ltr'>ab</span> <span class='ocrx_word' id='word_1_114' title='bbox 1546 2249 1854 2309; x_wconf 88' lang='lat' dir='ltr'>externo</span> <span class='ocrx_word' id='word_1_115' title='bbox 1908 2237 2154 2332; x_wconf 90' lang='lat' dir='ltr'>aliquo</span> <span class='ocrx_word' id='word_1_116' title='bbox 2207 2249 2453 2310; x_wconf 91' lang='lat' dir='ltr'>motus</span> <span class='ocrx_word' id='word_1_117' title='bbox 2479 2217 2719 2282; x_wconf 66' lang='lat'>¹³¹⁰⁰²⁶²¹·</span> 
     </span>
    </p>
   </div>
   <div class='ocr_carea' id='block_1_9' title="bbox 362 2351 2458 4379">
    <p class='ocr_par' dir='ltr' id='par_1_9' title="bbox 362 2351 2458 4379">
     <span class='ocr_line' id='line_1_19' title="bbox 374 2351 2450 2450; baseline -0.002 -24"><span class='ocrx_word' id='word_1_118' title='bbox 374 2355 530 2450; x_wconf 90' lang='lat' dir='ltr'>ejus</span> <span class='ocrx_word' id='word_1_119' title='bbox 576 2353 1077 2450; x_wconf 84' lang='lat' dir='ltr'>extinguatur.</span> <span class='ocrx_word' id='word_1_120' title='bbox 1185 2353 1581 2425; x_wconf 92' lang='lat' dir='ltr'>Ostensum</span> <span class='ocrx_word' id='word_1_121' title='bbox 1620 2351 1815 2424; x_wconf 89' lang='lat' dir='ltr'>enim</span> <span class='ocrx_word' id='word_1_122' title='bbox 1853 2362 1987 2439; x_wconf 88' lang='lat' dir='ltr'>est,</span> <span class='ocrx_word' id='word_1_123' title='bbox 2032 2352 2223 2447; x_wconf 94' lang='lat' dir='ltr'>(cap.</span> <span class='ocrx_word' id='word_1_124' title='bbox 2264 2371 2450 2422; x_wconf 85' lang='lat' dir='ltr'>vul.</span> 
     </span>
     <span class='ocr_line' id='line_1_20' title="bbox 375 2463 2453 2561; baseline -0.001 -22"><span class='ocrx_word' id='word_1_125' title='bbox 375 2467 686 2540; x_wconf 89' lang='lat' dir='ltr'>articulo</span> <span class='ocrx_word' id='word_1_126' title='bbox 733 2470 852 2561; x_wconf 88' lang='lat'>19)</span> <span class='ocrx_word' id='word_1_127' title='bbox 905 2479 1214 2556; x_wconf 89' lang='lat' dir='ltr'>motum,</span> <span class='ocrx_word' id='word_1_128' title='bbox 1251 2466 1393 2539; x_wconf 88' lang='lat' dir='ltr'>nisi</span> <span class='ocrx_word' id='word_1_129' title='bbox 1451 2466 1544 2539; x_wconf 92' lang='lat' dir='ltr'>ab</span> <span class='ocrx_word' id='word_1_130' title='bbox 1596 2476 1903 2537; x_wconf 87' lang='lat' dir='ltr'>externo</span> <span class='ocrx_word' id='word_1_131' title='bbox 1952 2463 2199 2561; x_wconf 91' lang='lat' dir='ltr'>aliquo</span> <span class='ocrx_word' id='word_1_132' title='bbox 2236 2463 2453 2536; x_wconf 89' lang='lat' dir='ltr'>resis-</span> 
     </span>
     <span class='ocr_line' id='line_1_21' title="bbox 374 2576 2455 2677; baseline -0.002 -24"><span class='ocrx_word' id='word_1_133' title='bbox 374 2593 578 2654; x_wconf 90' lang='lat' dir='ltr'>tente</span> <span class='ocrx_word' id='word_1_134' title='bbox 618 2593 861 2654; x_wconf 90' lang='lat' dir='ltr'>motus</span> <span class='ocrx_word' id='word_1_135' title='bbox 919 2582 1076 2677; x_wconf 90' lang='lat' dir='ltr'>ejus</span> <span class='ocrx_word' id='word_1_136' title='bbox 1120 2579 1586 2677; x_wconf 89' lang='lat' dir='ltr'>impediatur,</span> <span class='ocrx_word' id='word_1_137' title='bbox 1645 2591 2002 2652; x_wconf 84' lang='lat' dir='ltr'>aeternum</span> <span class='ocrx_word' id='word_1_138' title='bbox 2066 2590 2142 2650; x_wconf 94' lang='lat' dir='ltr'>et</span> <span class='ocrx_word' id='word_1_139' title='bbox 2198 2576 2455 2650; x_wconf 88' lang='lat' dir='ltr'>eadem</span> 
     </span>
     <span class='ocr_line' id='line_1_22' title="bbox 371 2691 2456 2789; baseline 0 -25"><span class='ocrx_word' id='word_1_140' title='bbox 371 2694 650 2766; x_wconf 86' lang='lat' dir='ltr'>moveri</span> <span class='ocrx_word' id='word_1_141' title='bbox 708 2694 1110 2766; x_wconf 89' lang='lat' dir='ltr'>celeritate.</span> <span class='ocrx_word' id='word_1_142' title='bbox 1217 2693 1429 2781; x_wconf 89' lang='lat' dir='ltr'>Item,</span> <span class='ocrx_word' id='word_1_143' title='bbox 1501 2693 1694 2789; x_wconf 90' lang='lat' dir='ltr'>(cap.</span> <span class='ocrx_word' id='word_1_144' title='bbox 1735 2714 1852 2764; x_wconf 80' lang='lat' dir='ltr'>lx.</span> <span class='ocrx_word' id='word_1_145' title='bbox 1912 2691 2121 2764; x_wconf 90' lang='lat' dir='ltr'>artic.</span> <span class='ocrx_word' id='word_1_146' title='bbox 2161 2692 2238 2781; x_wconf 93' lang='lat'>7)</span> <span class='ocrx_word' id='word_1_147' title='bbox 2299 2692 2456 2764; x_wconf 89' lang='lat' dir='ltr'>sine</span> 
     </span>
     <span class='ocr_line' id='line_1_23' title="bbox 375 2806 2457 2900; baseline -0.001 -20"><span class='ocrx_word' id='word_1_148' title='bbox 375 2819 727 2881; x_wconf 90' lang='lat' dir='ltr'>contactu</span> <span class='ocrx_word' id='word_1_149' title='bbox 760 2807 1128 2880; x_wconf 88' lang='lat' dir='ltr'>actionem</span> <span class='ocrx_word' id='word_1_150' title='bbox 1165 2807 1452 2879; x_wconf 84' lang='lat' dir='ltr'>externi</span> <span class='ocrx_word' id='word_1_151' title='bbox 1495 2806 1770 2879; x_wconf 91' lang='lat' dir='ltr'>nullam</span> <span class='ocrx_word' id='word_1_152' title='bbox 1807 2829 1986 2878; x_wconf 90' lang='lat' dir='ltr'>esse.</span> <span class='ocrx_word' id='word_1_153' title='bbox 2085 2806 2457 2900; x_wconf 89' lang='lat' dir='ltr'>Impactus</span> 
     </span>
     <span class='ocr_line' id='line_1_24' title="bbox 375 2917 2458 3017; baseline -0.001 -24"><span class='ocrx_word' id='word_1_154' title='bbox 375 2944 551 3017; x_wconf 89' lang='lat' dir='ltr'>ergo</span> <span class='ocrx_word' id='word_1_155' title='bbox 600 2920 936 2993; x_wconf 88' lang='lat' dir='ltr'>vehentis</span> <span class='ocrx_word' id='word_1_156' title='bbox 988 2944 1139 2992; x_wconf 94' lang='lat' dir='ltr'>non</span> <span class='ocrx_word' id='word_1_157' title='bbox 1193 2920 1391 2992; x_wconf 88' lang='lat' dir='ltr'>tollit</span> <span class='ocrx_word' id='word_1_158' title='bbox 1443 2931 1727 2991; x_wconf 88' lang='lat' dir='ltr'>motum</span> <span class='ocrx_word' id='word_1_159' title='bbox 1772 2919 1990 2991; x_wconf 85' lang='lat' dir='ltr'>vecti.</span> <span class='ocrx_word' id='word_1_160' title='bbox 2097 2917 2458 2990; x_wconf 90' lang='lat' dir='ltr'>Procedet</span> 
     </span>
     <span class='ocr_line' id='line_1_25' title="bbox 376 3031 2456 3130; baseline -0.001 -24"><span class='ocrx_word' id='word_1_161' title='bbox 376 3057 554 3130; x_wconf 90' lang='lat' dir='ltr'>ergo</span> <span class='ocrx_word' id='word_1_162' title='bbox 642 3034 722 3106; x_wconf 92' lang='lat' dir='ltr'>id</span> <span class='ocrx_word' id='word_1_163' title='bbox 809 3033 1005 3129; x_wconf 91' lang='lat' dir='ltr'>quod</span> <span class='ocrx_word' id='word_1_164' title='bbox 1091 3032 1410 3121; x_wconf 84' lang='lat' dir='ltr'>vehitur,</span> <span class='ocrx_word' id='word_1_165' title='bbox 1483 3031 1722 3106; x_wconf 91' lang='lat' dir='ltr'>donec</span> <span class='ocrx_word' id='word_1_166' title='bbox 1792 3045 1869 3104; x_wconf 88' lang='lat' dir='ltr'>et</span> <span class='ocrx_word' id='word_1_167' title='bbox 1944 3031 2139 3104; x_wconf 90' lang='lat' dir='ltr'>illius</span> <span class='ocrx_word' id='word_1_168' title='bbox 2210 3044 2456 3105; x_wconf 89' lang='lat' dir='ltr'>motus</span> 
     </span>
     <span class='ocr_line' id='line_1_26' title="bbox 372 3144 2452 3243; baseline -0.002 -23"><span class='ocrx_word' id='word_1_169' title='bbox 372 3148 729 3243; x_wconf 89' lang='lat' dir='ltr'>paulatim</span> <span class='ocrx_word' id='word_1_170' title='bbox 766 3147 858 3219; x_wconf 93' lang='lat' dir='ltr'>ab</span> <span class='ocrx_word' id='word_1_171' title='bbox 895 3158 1205 3219; x_wconf 87' lang='lat' dir='ltr'>externo</span> <span class='ocrx_word' id='word_1_172' title='bbox 1236 3146 1482 3242; x_wconf 89' lang='lat' dir='ltr'>aliquo</span> <span class='ocrx_word' id='word_1_173' title='bbox 1511 3146 1902 3218; x_wconf 87' lang='lat' dir='ltr'>resistente</span> <span class='ocrx_word' id='word_1_174' title='bbox 1938 3144 2452 3241; x_wconf 84' lang='lat' dir='ltr'>extinguatur:</span> 
     </span>
     <span class='ocr_line' id='line_1_27' title="bbox 370 3258 2453 3357; baseline 0 -25"><span class='ocrx_word' id='word_1_175' title='bbox 370 3259 568 3355; x_wconf 92' lang='lat' dir='ltr'>quod</span> <span class='ocrx_word' id='word_1_176' title='bbox 620 3274 779 3333; x_wconf 91' lang='lat' dir='ltr'>erat</span> <span class='ocrx_word' id='word_1_177' title='bbox 836 3258 1343 3357; x_wconf 90' lang='lat' dir='ltr'>probandum;</span> <span class='ocrx_word' id='word_1_178' title='bbox 1399 3258 1539 3332; x_wconf 88' lang='lat' dir='ltr'>etsi</span> <span class='ocrx_word' id='word_1_179' title='bbox 1595 3260 1690 3331; x_wconf 90' lang='lat' dir='ltr'>ad</span> <span class='ocrx_word' id='word_1_180' title='bbox 1752 3260 1969 3355; x_wconf 88' lang='lat' dir='ltr'>hujus</span> <span class='ocrx_word' id='word_1_181' title='bbox 2024 3259 2131 3330; x_wconf 91' lang='lat' dir='ltr'>rei</span> <span class='ocrx_word' id='word_1_182' title='bbox 2184 3260 2453 3355; x_wconf 91' lang='lat' dir='ltr'>proba-</span> 
     </span>
     <span class='ocr_line' id='line_1_28' title="bbox 370 3371 2452 3470; baseline -0 -25"><span class='ocrx_word' id='word_1_183' title='bbox 370 3373 648 3445; x_wconf 89' lang='lat' dir='ltr'>tionem</span> <span class='ocrx_word' id='word_1_184' title='bbox 706 3374 868 3470; x_wconf 89' lang='lat' dir='ltr'>ipsa</span> <span class='ocrx_word' id='word_1_185' title='bbox 924 3372 1330 3445; x_wconf 88' lang='lat' dir='ltr'>suffecisset</span> <span class='ocrx_word' id='word_1_186' title='bbox 1386 3372 1865 3468; x_wconf 87' lang='lat' dir='ltr'>experientia.</span> <span class='ocrx_word' id='word_1_187' title='bbox 1973 3371 2347 3461; x_wconf 89' lang='lat' dir='ltr'>Similiter,</span> <span class='ocrx_word' id='word_1_188' title='bbox 2391 3373 2452 3445; x_wconf 90' lang='lat' dir='ltr'>si</span> 
     </span>
     <span class='ocr_line' id='line_1_29' title="bbox 371 3486 2448 3581; baseline 0.001 -24"><span class='ocrx_word' id='word_1_189' title='bbox 371 3486 469 3558; x_wconf 91' lang='lat' dir='ltr'>sit</span> <span class='ocrx_word' id='word_1_190' title='bbox 495 3487 770 3559; x_wconf 91' lang='lat' dir='ltr'>vehens</span> <span class='ocrx_word' id='word_1_191' title='bbox 806 3498 883 3559; x_wconf 90' lang='lat' dir='ltr'>et</span> <span class='ocrx_word' id='word_1_192' title='bbox 910 3498 1230 3575; x_wconf 90' lang='lat' dir='ltr'>vectum,</span> <span class='ocrx_word' id='word_1_193' title='bbox 1261 3487 1535 3559; x_wconf 89' lang='lat' dir='ltr'>vehens</span> <span class='ocrx_word' id='word_1_194' title='bbox 1569 3498 1819 3559; x_wconf 91' lang='lat' dir='ltr'>autem</span> <span class='ocrx_word' id='word_1_195' title='bbox 1848 3511 1894 3558; x_wconf 92' lang='lat' dir='ltr'>a</span> <span class='ocrx_word' id='word_1_196' title='bbox 1922 3486 2168 3581; x_wconf 90' lang='lat' dir='ltr'>quiete</span> <span class='ocrx_word' id='word_1_197' title='bbox 2204 3486 2448 3559; x_wconf 92' lang='lat' dir='ltr'>subito</span> 
     </span>
     <span class='ocr_line' id='line_1_30' title="bbox 365 3599 2445 3695; baseline 0 -24"><span class='ocrx_word' id='word_1_198' title='bbox 365 3612 772 3689; x_wconf 88' lang='lat' dir='ltr'>moveatur,</span> <span class='ocrx_word' id='word_1_199' title='bbox 795 3611 1089 3673; x_wconf 91' lang='lat' dir='ltr'>vectum</span> <span class='ocrx_word' id='word_1_200' title='bbox 1121 3624 1271 3673; x_wconf 92' lang='lat' dir='ltr'>non</span> <span class='ocrx_word' id='word_1_201' title='bbox 1298 3599 1579 3672; x_wconf 86' lang='lat' dir='ltr'>feretur</span> <span class='ocrx_word' id='word_1_202' title='bbox 1606 3624 1777 3688; x_wconf 89' lang='lat' dir='ltr'>una,</span> <span class='ocrx_word' id='word_1_203' title='bbox 1808 3599 1939 3672; x_wconf 93' lang='lat' dir='ltr'>sed</span> <span class='ocrx_word' id='word_1_204' title='bbox 1966 3599 2445 3695; x_wconf 90' lang='lat' dir='ltr'>relinquetur.</span> 
     </span>
     <span class='ocr_line' id='line_1_31' title="bbox 367 3712 2444 3810; baseline 0.001 -26"><span class='ocrx_word' id='word_1_205' title='bbox 367 3712 560 3784; x_wconf 90' lang='lat' dir='ltr'>Nam</span> <span class='ocrx_word' id='word_1_206' title='bbox 594 3737 764 3810; x_wconf 92' lang='lat' dir='ltr'>pars</span> <span class='ocrx_word' id='word_1_207' title='bbox 798 3712 993 3785; x_wconf 84' lang='lat' dir='ltr'>vecti</span> <span class='ocrx_word' id='word_1_208' title='bbox 1030 3737 1191 3808; x_wconf 87' lang='lat' dir='ltr'>quae</span> <span class='ocrx_word' id='word_1_209' title='bbox 1224 3713 1527 3786; x_wconf 84' lang='lat' dir='ltr'>vehenti</span> <span class='ocrx_word' id='word_1_210' title='bbox 1566 3713 1920 3808; x_wconf 90' lang='lat' dir='ltr'>contigua</span> <span class='ocrx_word' id='word_1_211' title='bbox 1954 3726 2091 3802; x_wconf 90' lang='lat' dir='ltr'>est,</span> <span class='ocrx_word' id='word_1_212' title='bbox 2133 3713 2444 3786; x_wconf 90' lang='lat' dir='ltr'>eundem</span> 
     </span>
     <span class='ocr_line' id='line_1_32' title="bbox 367 3826 2445 3922; baseline 0.001 -24"><span class='ocrx_word' id='word_1_213' title='bbox 367 3826 663 3921; x_wconf 91' lang='lat' dir='ltr'>quidem</span> <span class='ocrx_word' id='word_1_214' title='bbox 716 3839 1001 3899; x_wconf 92' lang='lat' dir='ltr'>motum</span> <span class='ocrx_word' id='word_1_215' title='bbox 1056 3826 1210 3899; x_wconf 89' lang='lat' dir='ltr'>fere</span> <span class='ocrx_word' id='word_1_216' title='bbox 1266 3827 1489 3900; x_wconf 90' lang='lat' dir='ltr'>habet</span> <span class='ocrx_word' id='word_1_217' title='bbox 1550 3852 1716 3899; x_wconf 93' lang='lat' dir='ltr'>cum</span> <span class='ocrx_word' id='word_1_218' title='bbox 1772 3828 2133 3911; x_wconf 82' lang='lat' dir='ltr'>vehente3</span> <span class='ocrx_word' id='word_1_219' title='bbox 2194 3840 2445 3922; x_wconf 90' lang='lat' dir='ltr'>partes</span> 
     </span>
     <span class='ocr_line' id='line_1_33' title="bbox 366 3940 2445 4038; baseline 0.001 -25"><span class='ocrx_word' id='word_1_220' title='bbox 366 3953 613 4013; x_wconf 89' lang='lat' dir='ltr'>autem</span> <span class='ocrx_word' id='word_1_221' title='bbox 658 3953 962 4014; x_wconf 85' lang='lat' dir='ltr'>remotae</span> <span class='ocrx_word' id='word_1_222' title='bbox 1007 3965 1469 4037; x_wconf 87' lang='lat' dir='ltr'>unaquaeque</span> <span class='ocrx_word' id='word_1_223' title='bbox 1503 3965 1640 4038; x_wconf 96' lang='lat' dir='ltr'>pro</span> <span class='ocrx_word' id='word_1_224' title='bbox 1692 3940 1998 4013; x_wconf 90' lang='lat' dir='ltr'>diversis</span> <span class='ocrx_word' id='word_1_225' title='bbox 2049 3965 2094 4012; x_wconf 98' lang='lat' dir='ltr'>a</span> <span class='ocrx_word' id='word_1_226' title='bbox 2129 3942 2445 4015; x_wconf 90' lang='lat' dir='ltr'>vehente</span> 
     </span>
     <span class='ocr_line' id='line_1_34' title="bbox 365 4053 2446 4150; baseline 0.001 -24"><span class='ocrx_word' id='word_1_227' title='bbox 365 4053 759 4143; x_wconf 90' lang='lat' dir='ltr'>distantiis,</span> <span class='ocrx_word' id='word_1_228' title='bbox 787 4054 1218 4127; x_wconf 90' lang='lat' dir='ltr'>velocitates</span> <span class='ocrx_word' id='word_1_229' title='bbox 1254 4054 1683 4150; x_wconf 89' lang='lat' dir='ltr'>concipiunt</span> <span class='ocrx_word' id='word_1_230' title='bbox 1719 4054 2065 4144; x_wconf 87' lang='lat' dir='ltr'>diversas,</span> <span class='ocrx_word' id='word_1_231' title='bbox 2096 4055 2446 4128; x_wconf 92' lang='lat' dir='ltr'>nimirum</span> 
     </span>
     <span class='ocr_line' id='line_1_35' title="bbox 362 4166 2443 4264; baseline 0.002 -26"><span class='ocrx_word' id='word_1_232' title='bbox 362 4168 795 4241; x_wconf 90' lang='lat' dir='ltr'>remotiores</span> <span class='ocrx_word' id='word_1_233' title='bbox 853 4166 1125 4264; x_wconf 89' lang='lat' dir='ltr'>gradus</span> <span class='ocrx_word' id='word_1_234' title='bbox 1187 4169 1599 4241; x_wconf 89' lang='lat' dir='ltr'>velocitatis</span> <span class='ocrx_word' id='word_1_235' title='bbox 1653 4169 1996 4242; x_wconf 78' lang='lat' dir='ltr'>minores,</span> <span class='ocrx_word' id='word_1_236' title='bbox 2122 4170 2443 4242; x_wconf 90' lang='lat' dir='ltr'>Necesse</span> 
     </span>
     <span class='ocr_line' id='line_1_36' title="bbox 373 4282 2444 4379; baseline 0.002 -28"><span class='ocrx_word' id='word_1_237' title='bbox 373 4293 489 4353; x_wconf 90' lang='lat' dir='ltr'>est</span> <span class='ocrx_word' id='word_1_238' title='bbox 515 4304 691 4377; x_wconf 90' lang='lat' dir='ltr'>ergo</span> <span class='ocrx_word' id='word_1_239' title='bbox 720 4294 1017 4354; x_wconf 88' lang='lat' dir='ltr'>vectum</span> <span class='ocrx_word' id='word_1_240' title='bbox 1051 4306 1092 4354; x_wconf 88' lang='lat' dir='ltr'>a</span> <span class='ocrx_word' id='word_1_241' title='bbox 1122 4282 1437 4355; x_wconf 89' lang='lat' dir='ltr'>vehente</span> <span class='ocrx_word' id='word_1_242' title='bbox 1472 4282 1637 4379; x_wconf 94' lang='lat' dir='ltr'>plus</span> <span class='ocrx_word' id='word_1_243' title='bbox 1663 4282 1780 4354; x_wconf 92' lang='lat' dir='ltr'>vel</span> <span class='ocrx_word' id='word_1_244' title='bbox 1815 4282 2056 4356; x_wconf 90' lang='lat' dir='ltr'>minus</span> <span class='ocrx_word' id='word_1_245' title='bbox 2093 4283 2444 4379; x_wconf 90' lang='lat' dir='ltr'>relinqui;</span> 
     </span>
    </p>
   </div>
  </div>
 </body>
</html>
