3182 5102
590 863 693 944 T.
762 864 1214 946 HOBBES
1295 863 2415 946 MALMESBURIENSIS

1318 1165 1688 1262 VITA.

440 1718 746 1783 Tnonus
777 1717 1072 1795 Homms,
1103 1734 1285 1783 natus
1317 1717 1550 1804 Aprilis
1581 1723 1641 1793 5,
1695 1721 1874 1795 1588,
1925 1717 2413 1796 Malmesburiae,
2458 1720 2593 1807 agri

445 1854 889 1919 wiltoniensis·
1012 1854 1238 1919 Literis
1300 1854 1542 1919 Latinis
1600 1867 1665 1918 et
1724 1854 1963 1920 Graecis
2009 1854 2306 1932 initiatuS,
2358 1876 2594 1919 annum

441 2015 643 2079 agens
670 1992 979 2058 decimum
1008 2006 1322 2080 quartum,
1353 1992 1573 2057 missus
1601 2005 1695 2056 est
1724 1990 2069 2071 Oxonium,
2115 1993 2227 2058 ubi
2261 2015 2374 2079 per
2415 1992 2597 2080 quin-

447 2131 801 2218 quennium
827 2130 1072 2208 mansit,
1091 2151 1343 2216 operam
1370 2128 1736 2215 impendens
1760 2128 1965 2194 studio
1993 2129 2210 2217 logicae
2235 2144 2301 2200 et
2329 2129 2598 2217 physicae

450 2264 890 2333 Aristotelicae.
979 2266 1140 2331 Cum
1183 2288 1420 2330 annum
1462 2278 1676 2352 ageret
1713 2264 2090 2343 vicesimum,
2136 2266 2600 2331 commendatus

447 2402 538 2467 ab
597 2402 826 2479 amicis,
888 2400 1136 2468 Oxonio
1193 2402 1431 2480 relicto,
1495 2401 1729 2487 recepit
1785 2424 1850 2465 se
1906 2401 1970 2464 in
2030 2401 2285 2466 domum
2343 2402 2602 2467 Domini

453 2537 762 2605 Gulielmi
794 2539 1166 2617 Cavendish,
1216 2539 1479 2605 Baronis
1519 2537 1600 2605 de
1649 2537 2008 2616 Hardwiok,
2061 2555 2125 2605 et
2173 2539 2384 2626 (paulo
2433 2540 2598 2627 post)

448 2676 717 2742 Comitis
746 2677 1086 2754 Devoniae3
1132 2678 1240 2742 ubi
1270 2677 1398 2742 filio
1427 2678 1562 2763 ejus
1604 2676 2036 2763 primogenito,
2075 2676 2478 2742 adolaecentis
2514 2677 2600 2741 ibi

452 2812 594 2878 fere
620 2827 951 2890 coaetaneo,
982 2813 1269 2890 servivit3
1314 2812 1671 2899 placuitque
1715 2826 1847 2878 tum
1877 2811 2007 2875 filio
2052 2826 2185 2876 tum
2215 2812 2398 2899 patri,
2445 2825 2602 2876 tem-

453 2971 707 3036 perans,
737 2947 1005 3026 sedulus,
1041 2948 1275 3014 hilaris,
1362 2950 1553 3013 Anno
1583 2962 1899 3035 sequente,
1936 2969 2081 3011 cum
2109 2946 2362 3012 domino
2391 2969 2502 3011 suo
2543 2947 2609 3011 in

454 3086 624 3150 urbe
651 3099 951 3171 perpetuo
981 3084 1110 3150 fere
1139 3084 1391 3172 degens,
1434 3083 1606 3171 quod
1647 3083 1949 3148 didicerat
1990 3082 2225 3169 linguoe
2264 3082 2509 3148 Graecae
2549 3098 2613 3147 et

460 3221 738 3298 Latinae‚
784 3243 1012 3308 magna
1050 3243 1131 3285 ex
1173 3235 1349 3306 parte
1390 3220 1697 3284 amiserat.
1785 3217 2035 3283 Deinde
2080 3240 2193 3304 per
2240 3216 2507 3282 Galliam
2552 3232 2616 3283 et

468 3357 723 3423 Italiam
768 3358 1269 3445 peregrinantem
1308 3358 1632 3422 dominum
1678 3370 1993 3442 sequutuS,
2040 3354 2323 3441 gentium
2369 3354 2615 3420 illarum

459 3494 715 3580 linguas
743 3515 1018 3580 eousque
1045 3492 1280 3570 didicit,
1307 3506 1380 3558 ut
1401 3490 1750 3578 intelligere
1778 3512 1880 3555 eas
1907 3489 2300 3556 mediocriter
2326 3491 2615 3577 potuerit.

464 3631 771 3712 Interea†
810 3630 1097 3696 Graecam
1142 3644 1206 3694 et
1254 3629 1544 3694 Latinam
1591 3627 1870 3716 linguam
1916 3627 2213 3713 paulatim
2252 3627 2455 3713 perire
2501 3627 2618 3691 sibi

461 3767 762 3843 sentienS,
796 3766 1247 3854 philosophiam
1274 3781 1484 3832 autem
1514 3730 1903 3852 logicamque
1946 3764 2040 3847 (in
2070 3764 2296 3851 quibus
2324 3763 2619 3850 praeclare

464 3901 802 3990 profecisse
822 3924 888 3966 se
907 3902 1354 3982 arbitrabatur)
1377 3900 1523 3965 viris
1540 3900 1951 3986 prudentibus
1968 3899 2198 3965 derisui
2226 3923 2356 3964 esse
2385 3899 2618 3976 videns,

463 4038 721 4124 abjecta
777 4036 976 4125 logica
1032 4052 1095 4104 et
1144 4036 1531 4125 philosophia
1586 4035 1695 4100 illa
1739 4057 1916 4114 vana,
1970 4051 2274 4123 quantum
2331 4035 2623 4120 temporis

464 4173 752 4237 habebat
780 4174 975 4250 vacui,
1007 4173 1366 4260 impendere
1394 4172 1669 4237 decrevit
1696 4170 1925 4258 linguis
1966 4172 2210 4237 Graecae
2248 4186 2311 4236 et
2356 4171 2623 4235 Latinae.

472 4309 707 4397 Itaque
752 4331 897 4374 cum
941 4310 1006 4373 in
1047 4310 1345 4397 Angliam
1388 4331 1670 4374 reversus
1714 4322 1889 4384 esset,
1936 4307 2254 4373 historicos
2300 4321 2363 4371 et
2413 4319 2624 4391 poetas

824 4523 855 4581 †
889 4520 1004 4569 Vide
1027 4526 1134 4571 Aut.
1156 4538 1184 4570 a
1204 4521 1370 4571 Wood.
1398 4521 1528 4570 Hist.
1555 4520 1713 4582 Antiq.
1738 4519 1895 4568 Oxou.
1921 4520 2005 4567 lib.
2026 4520 2078 4567 ii.
2102 4535 2146 4582 p.
2170 4518 2276 4570 376.
