3182 5102
929 488 1035 539 nn
1075 489 1305 541 Mo‘ru
1341 489 1815 543 clncumm.
1892 526 1895 531 .
2254 474 2396 541 259

332 650 591 752 Itaque
627 655 703 728 in
738 667 946 730 motu
999 657 1338 731 circulari
1386 658 1739 756 simplice,
1795 681 2093 732 necesse
2146 669 2260 729 est
2312 666 2399 728 ut
2445 662 2617 774 ΡΑΡΞῗ
2653 661 2754 709 ¹¹¹·

331 795 499 868 quae
534 770 612 843 in
665 780 868 844 moto
910 782 1241 843 sumatur
1289 772 1486 845 linea
1533 783 1762 861 recta,
1818 795 1906 844 ea
1953 770 2235 843 feratur
2268 769 2406 842 sibi
2463 762 2741 831 *ἣτ’-κ

332 906 621 979 semper
646 882 1014 979 parallela.
1121 883 1345 959 Quod
1396 884 1500 956 sic
1553 883 1889 958 ostendo.
1995 882 2109 956 Sit
2157 882 2396 979 primo
2423 867 2735 993 ζξξζῑξζζρθ,

339 998 447 1090 (in
481 997 607 1093 fig.
640 998 708 1089 1)
749 1008 954 1070 recta
980 996 1327 1093 quaelibet
1378 998 1447 1069 A
1475 997 1535 1068 Β
1601 1008 1895 1093 sumpta
1942 996 2019 1070 in
2071 995 2398 1093 quolibet
2424 996 2488 1043 ⁸5‘
2511 996 2749 1059 92‘211012·

334 1133 642 1206 corpore
677 1109 955 1194 solido;
1010 1122 1085 1182 et
1144 1123 1400 1183 centro
1461 1110 1793 1207 quolibet
1844 1111 1926 1199 C,
1980 1110 2185 1183 radio
2222 1109 2280 1181 C
2305 1109 2398 1198 A,

335 1224 648 1297 ducatur
699 1246 914 1295 arcus
970 1224 1277 1319 quilibet
1331 1225 1396 1296 A
1420 1224 1510 1296 D.
1616 1225 1977 1298 lectum
2036 1235 2283 1296 autem
2337 1221 2398 1293 Β

335 1337 787 1433 intelligatur
822 1336 1261 1433 ‘describere
1318 1338 1415 1411 ad
1473 1338 1766 1411 easdem
1833 1351 2081 1434 partes
2147 1359 2399 1409 arcum

338 1452 398 1523 Β
420 1452 504 1540 Ε,
542 1450 680 1546 ipsi
715 1450 780 1522 A
809 1451 876 1523 D
911 1450 1221 1523 similem
1256 1462 1332 1524 et
1366 1451 1745 1547 aequalem.
1852 1452 2020 1527 Quo
2070 1461 2400 1545 tempore

337 1565 563 1662 igitur
611 1577 968 1660 punctum
1029 1566 1096 1637 A
1155 1564 1518 1661 percurrit
1577 1588 1832 1637 arcum
1897 1565 1966 1637 A
1986 1565 2077 1652 D,
2142 1562 2414 1636 eodem.

337 1688 668 1773 tempore
701 1690 1060 1773 punctum
1097 1678 1156 1749 B
1191 1691 1570 1774 percurret
1612 1702 1865 1752 arcum
1912 1679 1969 1749 13
1998 1679 2081 1763 E,
2131 1701 2400 1773 suppo-

337 1791 479 1865 sito
513 1816 776 1887 nempe
810 1802 1087 1888 puncta
1119 1794 1186 1865 A
1221 1803 1299 1864 et
1334 1794 1394 1865 Β
1418 1791 1673 1865 eadem
1700 1792 1979 1865 moveri
2000 1791 2400 1866 celeritate.

339 1906 596 2000 Itaque
634 1904 709 1977 in
769 1905 916 1978 fine
975 1904 1303 2001 ejusdem
1354 1906 1708 2002 temporis
1756 1906 1898 1979 erit
1949 1917 2110 1978 tota
2142 1904 2294 1976 AB
2327 1904 2405 1976 in

340 2020 407 2092 D
428 2019 509 2091 E.
616 2019 805 2091 Sunt
838 2042 1014 2115 ergo
1044 2019 1109 2090 A
1133 2019 1225 2108 D,
1263 2020 1323 2091 Β
1345 2021 1405 2092 Ε
1440 2020 1781 2116 aequaleS.
1836 2021 2164 2115 Cumque
2192 2041 2404 2091 arcus

338 2131 406 2205 A
435 2132 527 2222 D,
564 2132 626 2205 B
648 2131 709 2204 E
743 2131 1059 2228 aequales
1096 2130 1268 2221 sint,
1325 2131 1549 2205 etiam
1601 2133 1966 2206 subtensae
2016 2131 2085 2203 A
2106 2132 2197 2221 D,
2254 2131 2316 2204 B
2343 2130 2403 2201 E

339 2255 563 2319 rectae
631 2244 949 2340 aequales
1019 2255 1259 2318 erunt.
1386 2245 1522 2317 Est
1588 2269 1765 2342 ergo
1828 2243 2404 2340 quadrilaterum

340 2359 409 2431 A
438 2358 499 2430 Β
520 2358 590 2431 D
616 2358 677 2429 E
758 2357 1544 2454 parallelogrammum.
1668 2358 1930 2429 Fertur
1997 2380 2173 2454 ergo
2243 2357 2312 2429 A
2340 2357 2402 2430 B

339 2472 636 2547 sibimet
657 2471 798 2568 ipsi
832 2471 1200 2569 parallela.
1306 2472 1512 2544 Idem
1545 2470 1842 2569 probari
1876 2481 2126 2568 potest
2146 2470 2401 2544 eadem

341 2585 692 2660 methodo
764 2586 854 2659 de
933 2587 1190 2683 quavis
1251 2586 1395 2660 alia
1468 2599 1675 2659 recta
1741 2586 1818 2659 in
1881 2584 2139 2658 eodem
2200 2597 2404 2658 moto

343 2710 657 2797 sumpta.
760 2699 1079 2772 Omnino
1134 2699 1361 2796 igitur
1422 2711 1646 2773 rectae
1683 2698 1897 2772 lineae
1958 2710 2268 2794 sumptae
2332 2697 2407 2769 in

345 2835 676 2909 corpore,
745 2823 954 2885 motu
1007 2812 1343 2885 circulari
1412 2825 1489 2884 et
1554 2810 1884 2907 simplice
1953 2811 2407 2900 circumlato,

341 2925 683 2999 feruntur
717 2949 973 2998 omnes
1011 2926 1304 2999 sibimet
1338 2926 1514 3022 ipsis
1546 2924 1937 3022 parallelae.

446 3038 714 3112 Coroll.
754 3061 806 3111 1.
861 3039 1341 3112 Manifestum
1375 3039 1596 3111 etiam
1627 3051 1741 3111 est
1767 3037 2196 3134 contingere
2217 3036 2410 3108 idem

346 3152 423 3226 in
457 3152 786 3250 quolibet
820 3152 1249 3249 simpliciter
1282 3164 1510 3241 mot0,
1565 3151 1853 3225 etiamsi
1902 3164 2148 3224 motus
2184 3150 2414 3223 circu-

346 3266 519 3339 laris
553 3290 702 3338 non
739 3265 858 3338 sit.
960 3265 1155 3339 Nam
1188 3267 1402 3340 lineae
1436 3276 1662 3339 rectae
1697 3265 2088 3363 cujuslibet
2137 3275 2415 3361 puncta

347 3379 637 3476 singula
672 3379 1090 3453 describent
1121 3379 1353 3453 lineas
1390 3380 1529 3453 etsi
1563 3403 1718 3452 non
1753 3379 2169 3466 circulares,
2220 3390 2412 3450 atta-

348 3516 518 3566 men
568 3491 905 3588 aequales.
1011 3492 1216 3565 Adeo
1249 3505 1338 3565 ut
1390 3493 1452 3565 si
1510 3494 1577 3565 A
1599 3492 1692 3576 D,
1748 3492 1809 3564 Β
1830 3493 1891 3564 Ε
1947 3516 2213 3580 curvae,
2261 3514 2411 3563 non

348 3615 598 3679 essent
646 3628 860 3678 arcus
912 3605 1377 3695 circulorum,
1441 3605 1573 3679 sed
1632 3605 2168 3701 parabolarum,
2206 3602 2409 3700 ellip-

351 3717 564 3807 sium,
606 3718 1004 3792 aliarumve
1044 3720 1469 3817 figurarum,
1516 3719 1745 3792 nihilo
1782 3719 2022 3792 minus
2050 3729 2210 3790 tum
2242 3717 2408 3806 illae,

353 3844 512 3903 tum
546 3832 914 3906 subtensae
961 3857 1235 3921 earum,
1293 3844 1451 3905 tum
1503 3832 1726 3905 etiam
1782 3856 1945 3928 quae
1991 3832 2184 3928 ipsas
2236 3854 2411 3903 con-

344 3945 671 4041 jungunt
703 3956 951 4032 rectae,
986 3946 1303 4042 aequales
1340 3958 1588 4020 essent
1623 3959 1699 4018 et
1732 3945 2120 4042 parallelae.

448 4056 719 4130 Coroll.
759 4080 852 4131 11.
926 4058 1404 4132 Manifestum
1472 4059 1697 4132 etiam
1764 4072 1898 4149 est,
1972 4060 2413 4133 circulorum

352 4169 742 4265 aequalium
778 4171 843 4243 A
867 4172 959 4261 D,
1002 4172 1061 4243 B
1084 4173 1144 4244 E
1180 4170 1448 4260 radios,
1483 4172 1602 4245 vel
1638 4173 1713 4244 in
1744 4173 2048 4269 sphaeris
2082 4195 2278 4261 axes,
2309 4172 2414 4244 ita

352 4283 551 4371 ferri,
586 4296 673 4357 ut
706 4284 855 4359 sint
883 4308 1169 4382 semper
1187 4286 1514 4382 vestigiis
1550 4286 1699 4359 suis
1732 4286 2120 4383 parallelae.
2176 4287 2417 4359 Ducta

2098 4424 2135 4470 s
2174 4413 2217 4471 :3
