3182 5102
726 443 858 506 144
1317 457 1875 509 PHILosopmA
1915 458 2201 509 PRmA.

369 629 546 743 ΡΔΙῖἓ
582 630 657 681 11·
722 623 790 694 A
832 623 928 696 ad
974 623 1055 713 C,
1104 624 1601 698 secundorum
1631 657 1651 708 ;
1722 640 1799 699 et
1835 626 1894 698 C
1928 626 2005 698 in
2042 627 2102 699 B
2152 626 2229 698 in
2266 625 2345 715 F,
2397 624 2492 697 ad
2529 623 2589 696 C
2621 624 2701 697 in
2734 626 2801 697 D

415 732 664 801 ⁹4—ae
727 736 806 809 in
843 738 899 809 F
930 738 1360 833 primorum,
1395 750 1482 811 ut
1512 739 1572 811 B
1610 739 1707 812 ad
1743 741 1834 826 D,
1866 740 2010 813 hoc
2043 751 2158 812 est
2204 738 2369 835 (per
2419 749 2805 811 construc-

305 835 694 964 ’ἐξέζξξῗξοηη
716 850 1030 936 tionem)
1068 862 1157 924 ut
1191 851 1251 923 C
1279 852 1375 924 ad
1401 852 1463 923 E
1486 853 1981 925 secundorum
2013 884 2033 937 3
2088 863 2166 924 et
2193 851 2384 924 ratio
2421 850 2482 924 C
2515 850 2594 923 in
2629 851 2695 923 D
2721 851 2800 923 in

718 963 798 1050 F,
831 963 928 1036 ad
963 963 1024 1037 C
1057 963 1133 1036 in
1170 965 1237 1037 D
1273 965 1351 1037 in
1386 965 1450 1038 G
1491 966 1924 1061 primorum,
1974 976 2060 1037 ut
2114 964 2170 1035 F
2202 963 2300 1037 ad
2347 963 2434 1052 G,
2489 963 2633 1036 hoc
2688 975 2804 1035 est

720 1076 886 1172 (per
953 1078 1621 1173 constructionem)
1695 1090 1783 1152 ut
1848 1080 1910 1151 E
1972 1078 2067 1151 ad
2138 1078 2213 1150 H
2282 1076 2798 1149 secundorum.

716 1188 908 1263 Sunt
943 1213 1122 1286 ergo
1155 1191 1398 1287 prima
1428 1192 1498 1264 A
1530 1192 1610 1265 in
1641 1193 1702 1265 B
1736 1193 1815 1265 in
1851 1192 1930 1280 F,
1956 1191 2015 1264 C
2044 1192 2121 1264 in
2148 1191 2215 1263 D
2238 1191 2316 1262 in
2345 1190 2432 1279 G,
2459 1188 2800 1262 secundis

712 1302 805 1392 A,
835 1303 907 1374 H
938 1303 1568 1399 proportionalia;
1628 1305 2099 1400 componitur
2118 1314 2369 1377 autem
2397 1302 2588 1375 ratio
2615 1303 2685 1375 A
2705 1302 2803 1375 ad

717 1417 789 1488 H
846 1440 936 1489 ex
987 1417 1400 1490 rationibus
1434 1418 1504 1490 A
1538 1417 1632 1490 ad
1687 1417 1770 1507 C,
1809 1418 1870 1490 B
1905 1417 2001 1490 ad
2051 1417 2144 1506 D,
2181 1416 2239 1487 F
2288 1415 2384 1488 ad
2435 1415 2521 1504 G,
2574 1439 2801 1510 quare

715 1530 907 1603 ratio
941 1530 1315 1603 factorum
1350 1530 1419 1602 A
1447 1531 1524 1604 in
1563 1531 1625 1604 B
1648 1531 1724 1604 in
1754 1532 1834 1620 F,
1860 1531 1919 1604 C
1946 1532 2024 1603 in
2046 1531 2113 1604 D
2139 1530 2219 1602 in
2240 1529 2305 1602 G
2332 1528 2801 1624 componitur

715 1666 806 1715 ex
834 1642 1121 1716 iisdem.
1226 1644 1509 1717 Eodem
1542 1644 1770 1717 modo
1792 1643 2238 1740 procedetur
2266 1642 2329 1714 si
2348 1640 2551 1714 facta
2573 1640 2801 1713 fuerit

712 1779 805 1828 ex
871 1756 1366 1830 efficientibus
1430 1768 1931 1852 quotcunque.
2039 1755 2239 1827 Hinc
2307 1752 2799 1848 componendi

714 1869 1043 1942 rationes
1104 1870 1355 1965 plures
1423 1870 1500 1942 in
1568 1894 1795 1943 unam
1859 1870 2046 1943 alius
2112 1866 2377 1940 modus
2444 1865 2797 1955 nascitur,

716 2005 1007 2079 nempe,
1043 1981 1167 2054 ille
1220 1983 1347 2078 qui
1382 1983 1826 2078 supponitur
1875 1983 1954 2055 in
2008 1980 2437 2055 definitione
2475 1989 2544 2069 5,
2570 1978 2695 2052 lib.
2724 1987 2795 2051 6.

717 2095 1069 2184 Euclidis‚
1091 2096 1650 2191 multiplicando
1675 2096 1956 2169 scilicet
1977 2096 2092 2168 vel
2112 2093 2449 2168 ducendo
2472 2093 2797 2166 omnium

718 2208 1094 2281 rationum
1122 2209 1641 2282 antecedentia
1664 2209 1739 2281 in
1770 2232 1849 2282 se
1869 2209 2208 2296 invicem,
2233 2217 2310 2279 et
2330 2204 2577 2278 omnia
2602 2206 2799 2278 simi-

720 2320 891 2393 liter
902 2322 1449 2417 consequentia.
1485 2324 1599 2395 Ex
1609 2345 1754 2418 quo
1766 2332 2073 2418 apparet
2090 2320 2358 2416 (primo
2367 2319 2565 2414 loco)
2583 2344 2804 2393 causa

721 2444 1027 2529 propter
1061 2458 1280 2529 quam
1329 2434 2037 2531 parallelogramma,
2074 2433 2343 2529 quippe
2391 2455 2560 2527 quae
2609 2434 2801 2505 fiunt

722 2546 953 2620 ductu
1008 2546 1319 2621 duarum
1370 2560 1742 2622 rectarum
1791 2548 1868 2622 in
1924 2572 2003 2622 se
2056 2546 2396 2635 invicem,
2431 2557 2509 2619 et
2566 2545 2801 2619 solida

720 2660 970 2733 omnia
1003 2686 1168 2756 quae
1198 2662 1304 2734 sic
1331 2662 1549 2735 factis
1577 2674 1751 2736 sunt
1776 2661 2109 2758 aequalia,
2131 2660 2405 2733 habere
2432 2659 2797 2732 rationem

719 2773 1206 2868 compositam
1277 2798 1367 2846 ex
1448 2775 1858 2848 rationibus
1924 2773 2376 2847 facientium.
2512 2772 2796 2844 Deinde

718 2908 941 2958 causa
966 2909 1192 2981 quare
1219 2885 1738 2981 multiplicatio
1766 2887 1846 2959 in
1866 2910 1947 2959 se
1983 2887 2294 2960 duarum
2328 2885 2443 2957 vel
2476 2884 2799 2980 plurium

714 2996 1190 3087 fractionum,
1259 2998 1459 3072 idem
1528 2999 1629 3072 sit
1687 3022 1851 3094 quae
1919 2999 2357 3096 compositio
2425 2996 2796 3070 rationum

719 3134 902 3206 quas
995 3110 1278 3184 habent
1370 3111 1644 3209 singuli
1715 3123 2225 3185 numeratores
2302 3111 2398 3184 ad
2469 3109 2797 3206 singulos

719 3222 1344 3298 denominatoreS.
1449 3225 1788 3322 Exempli
1839 3248 2084 3313 causa,
2122 3225 2184 3298 si
2233 3224 2349 3297 hae
2397 3222 2796 3296 fractiones

722 3346 760 3424 ᾖ
824 3339 860 3417 ἓ
909 3343 946 3421 Ξ
997 3337 1572 3433 multiplicandae
1607 3336 1758 3410 sint
1790 3337 1869 3409 in
1904 3361 2005 3426 se,
2052 3334 2588 3432 multiplicandi
2622 3347 2795 3409 sunt

719 3448 1039 3542 primum
1091 3458 1155 3538 l,
1206 3460 1278 3539 2,
1316 3459 1386 3540 3,
1421 3451 1499 3523 in
1535 3473 1638 3539 se,
1690 3450 1815 3545 qui
1854 3449 2138 3523 faciunt
2180 3458 2252 3539 6,
2298 3448 2564 3522 deinde
2612 3458 2684 3536 2,
2721 3457 2791 3536 3,

720 3570 792 3650 4,
821 3560 900 3632 in
926 3585 1029 3650 se,
1060 3562 1187 3658 qui
1213 3563 1499 3635 faciunt
1525 3573 1620 3636 24
1647 3593 1667 3647 ;
1704 3563 2085 3658 oriturque
2110 3562 2375 3635 fractio
2407 3565 2517 3644 ᾗ.
2605 3562 2793 3634 Item

720 3673 783 3745 si
839 3673 990 3747 sint
1050 3675 1577 3771 componendae
1635 3675 1961 3748 rationes
2028 3684 2058 3748 l
2116 3675 2211 3749 ad
2263 3686 2336 3764 2,
2372 3685 2416 3749 2
2472 3674 2567 3747 ad
2618 3685 2692 3762 3,
2745 3684 2797 3748 3

717 3785 816 3857 ad
861 3796 935 3876 4,
991 3788 1330 3861 faciendo
1379 3800 1467 3862 ut
1509 3789 1588 3860 in
1639 3788 2106 3884 praecedente
2161 3788 2791 3863 demonstratione

718 3899 1125 3991 docuimuS,
1162 3902 1444 3975 orietur
1475 3902 1668 3975 ratio
1702 3911 1748 3975 6
1785 3902 1880 3975 ad
1913 3912 2034 3976 24.

827 4021 939 4084 15.
996 4013 1074 4087 Si
1112 4015 1304 4088 ratio
1342 4028 1830 4111 componatur
1864 4039 2033 4087 cum
2067 4014 2181 4088 sui
2212 4014 2441 4110 ipsius
2475 4014 2787 4104 inversa,

718 4127 1127 4221 composita
1161 4140 1275 4201 est
1310 4128 1500 4201 ratio
1536 4127 2002 4225 aequalitatiS.

820 4237 933 4310 Sit
969 4240 1162 4313 enim
1199 4241 1390 4313 ratio
1443 4263 1923 4336 quaecumque
1957 4241 2025 4312 A
2057 4240 2153 4313 ad
2189 4241 2274 4329 B,
2312 4239 2503 4312 ratio
2539 4252 2787 4313 autem

716 4349 862 4424 alia
896 4350 955 4423 C
989 4352 1085 4426 ad
1111 4354 1178 4426 D
1215 4354 1312 4426 sit
1347 4353 1540 4432 illius
1570 4354 1882 4426 inversa.
1953 4354 2507 4449 Componentur
2538 4365 2787 4426 autem
