3182 5102
955 482 1062 535 DE
1102 485 1311 536 Loco
1352 487 1451 536 ET
1486 486 1904 537 TEMPORE.
2369 477 2463 540 85

491 658 562 722 4.
618 648 952 745 Spatium
1022 651 1241 746 spatii
1319 663 1396 723 et
1472 663 1763 748 tempus
1840 653 2191 749 temporis
2257 679 2460 752 pars
2524 668 2699 717 PARS
2725 669 2797 718 11·

393 775 725 850 vocatur,
787 762 1081 858 quando
1115 763 1297 836 illud
1347 764 1425 836 in
1482 765 1650 854 hoc,
1718 778 1794 838 et
1852 778 2213 862 praeterea
2264 767 2465 840 aliud
2534 736 2781 839 »fv—2

396 875 839 948 continetur.
943 877 1054 948 Ex
1089 900 1234 972 quo
1293 877 1667 973 colligitur
1703 889 2013 975 partem
2064 903 2215 952 non
2264 892 2466 952 recte
2490 871 2626 920 Pm-

395 988 785 1084 quicquam
819 988 1192 1085 appellari,
1227 989 1369 1062 nisi
1400 1005 1905 1086 comparatum
1954 1016 2121 1064 cum
2167 992 2334 1082 alio,
2389 994 2467 1066 in

396 1124 540 1196 quo
576 1101 814 1197 ipsum
850 1103 1294 1176 continetur.

496 1224 564 1287 5.
620 1215 895 1288 Parte-s·
921 1229 1106 1312 *ergo
1112 1217 1427 1313 facere,
1463 1241 1595 1290 seu
1612 1219 1939 1315 partiri,
1971 1243 2102 1292 seu
2128 1220 2467 1293 dividere
2490 1239 2733 1289 Dividere.

394 1328 711 1423 spatium
746 1341 876 1401 aut
909 1340 1221 1425 tempus,
1258 1330 1443 1402 nihil
1477 1331 1679 1404 aliud
1712 1345 1848 1420 est,
1904 1357 2123 1428 quam
2172 1334 2250 1407 in
2304 1333 2463 1429 ipso

392 1441 592 1514 aliud
657 1454 880 1539 atque
947 1442 1147 1516 aliud
1219 1444 1706 1518 considerare.
1844 1447 2105 1543 Itaque
2177 1447 2239 1519 si
2303 1447 2465 1543 quis

394 1553 686 1627 dividat
738 1555 1080 1652 spatium,
1136 1568 1267 1628 aut
1317 1568 1632 1653 tempus,
1695 1569 1811 1631 tot
1862 1558 2089 1632 habet
2135 1560 2462 1633 diversos

393 1679 818 1764 conceptuS,
855 1681 1039 1764 quot
1070 1681 1319 1766 partes
1366 1669 1569 1760 facit,
1625 1684 1702 1744 et
1739 1672 1980 1747 adhuc
2032 1696 2259 1745 unum
2311 1698 2465 1745 am-

390 1779 579 1876 plius
612 1812 632 1864 ;
684 1806 856 1853 nam
890 1781 1169 1877 primus
1206 1796 1609 1879 conceptus
1639 1784 1781 1857 erit
1807 1785 2034 1880 ipsius
2065 1784 2462 1873 dividendi,

393 1893 654 1966 deinde
687 1895 919 1991 partis
955 1897 1135 1990 ejus,
1173 1908 1251 1967 et
1286 1895 1549 1969 deinde
1577 1898 1808 1992 partis
1858 1898 2183 1987 alteriuS,
2232 1910 2309 1970 et
2359 1898 2467 1970 sic

390 2018 747 2103 perpetuo
784 2007 1028 2104 quoad
1062 2008 1388 2081 dividere
1422 2010 1733 2082 ulterius
1766 2024 2055 2106 perget.

491 2119 917 2194 Notandum
971 2135 1217 2193 autem
1265 2135 1398 2210 est,
1452 2146 1586 2218 per
1620 2121 2052 2197 divisionem
2101 2123 2244 2197 hoc
2295 2123 2460 2197 loco

389 2256 540 2304 non
568 2232 878 2329 intelligi
913 2233 1129 2306 unius
1166 2234 1407 2329 spatii,
1466 2234 1583 2306 vel
1644 2235 2018 2330 temporiS‚
2075 2236 2169 2308 ab
2225 2235 2458 2309 altero

390 2345 964 2436 distractionem,
1002 2346 1153 2420 sive
1190 2347 1672 2420 divulsionem
1721 2347 1915 2444 (quis
1952 2348 2147 2420 enim
2182 2348 2464 2444 spatio-

389 2482 550 2530 rum
585 2459 701 2532 vel
734 2471 1150 2557 temporum
1183 2470 1456 2556 parteS,
1492 2471 1676 2555 puta
1722 2460 2315 2557 hemisphaerium
2366 2461 2459 2532 ab

389 2571 926 2669 hemisphaeriO,
962 2574 1079 2647 vel
1111 2574 1370 2647 horam
1404 2574 1715 2670 primam
1770 2599 1815 2646 a
1862 2574 2184 2648 secunda
2218 2573 2461 2646 dirimi

391 2710 603 2782 posse
637 2688 883 2782 putat)
924 2687 1054 2759 sed
1090 2686 1453 2760 diversam
1490 2687 2178 2777 considerationem,
2227 2701 2315 2759 ut
2365 2687 2462 2760 sit

392 2797 650 2872 divisio
685 2823 838 2872 non
864 2822 1238 2888 manuum,
1277 2798 1406 2871 sed
1440 2799 1710 2871 mentis
1747 2824 1953 2895 opus.

488 2920 557 2984 6.
612 2912 970 3008 Spatium,
1030 2913 1148 2985 vel
1215 2924 1530 3009 tempuS‚
1589 2913 1882 3008 quando
1954 2912 2462 2985 consideratur
2489 2940 2677 2989 Unum.

391 3024 583 3096 inter
618 3025 856 3121 spatia
890 3026 1041 3098 sive
1076 3036 1411 3121 tempora
1443 3024 1610 3113 alia,
1640 3051 1853 3097 unum
1888 3024 2159 3098 dicitur
2188 3056 2207 3109 3
2261 3026 2461 3097 vide-

389 3137 586 3227 licet,
654 3164 868 3211 unum
927 3164 1021 3210 ex
1083 3137 1242 3211 illis
1266 3164 1294 3220 ;
1355 3137 1498 3210 nisi
1553 3138 1749 3211 enim
1817 3139 2135 3234 spatium
2196 3137 2458 3234 spatio,

391 3262 678 3347 tempus
713 3251 1052 3347 tempori,
1109 3249 1311 3323 aliud
1343 3250 1492 3339 alii,
1535 3250 1756 3345 adjici
1788 3250 1905 3322 vel
1940 3250 2162 3322 adimi
2197 3250 2456 3345 possit,

393 3364 757 3437 sufficeret
810 3364 1053 3436 dicere
1111 3363 1452 3460 spatium,
1487 3364 1605 3436 vel
1663 3376 1951 3459 tempus
2008 3362 2458 3459 simpliciter,

393 3488 729 3573 essetque
753 3476 1200 3572 superfluum
1221 3475 1464 3548 dicere
1496 3476 1816 3571 spatium
1840 3501 2076 3565 unum,
2112 3487 2241 3549 aut
2275 3486 2462 3547 tem-

391 3613 528 3685 pus
562 3615 798 3673 unum,
821 3589 882 3662 si
903 3588 1102 3662 aliud
1136 3612 1295 3661 esse
1333 3589 1646 3686 intelligi
1679 3614 1831 3662 non
1862 3602 2134 3684 posset.
2240 3588 2464 3662 Quod

391 3701 610 3798 vulgo
666 3702 1027 3774 definiunt
1086 3726 1304 3773 unum
1364 3726 1528 3773 esse
1596 3702 1799 3799 quod
1863 3711 1978 3774 est
2046 3702 2460 3791 indivisum,

394 3814 789 3887 obnoxium
824 3827 937 3886 est
989 3812 1326 3886 absurdae
1383 3813 1671 3886 cuidam
1726 3814 2293 3910 consequentiae,
2349 3815 2464 3887 in-

393 3926 669 3999 feretur
690 3927 885 4000 enim
908 3927 1006 4016 id,
1037 3927 1238 4022 quod
1267 3926 1579 4000 divisum
1607 3941 1742 4013 est,
1771 3950 1929 4000 esse
1955 3928 2190 4025 plura,
2216 3928 2296 4000 id
2323 3939 2469 4017 est,

395 4064 607 4114 omne
644 4041 956 4113 divisum
992 4063 1153 4113 esse
1189 4040 1458 4129 divisa,
1496 4041 1694 4137 quod
1730 4040 2061 4137 ineptum
2096 4053 2229 4113 est.

492 4156 561 4235 7.
615 4153 987 4225 Numerus
1024 4165 1138 4225 est
1174 4176 1403 4224 unum
1433 4164 1506 4225 et
1540 4177 1794 4243 unum,
1830 4153 1947 4225 vel
1980 4178 2207 4226 unum
2233 4178 2468 4227 unum·
2489 4184 2759 4233 Numerus.

397 4278 470 4338 et
498 4291 752 4355 unum,
790 4279 867 4339 et
900 4267 1005 4339 sic
1040 4265 1386 4362 deinceps
1417 4297 1434 4350 ;
1489 4267 1837 4339 nimirum
1856 4291 2084 4339 unum
2107 4280 2183 4340 et
2209 4292 2462 4357 unum,

398 4403 738 4453 numerus
771 4380 1122 4468 binarius,
1176 4404 1403 4452 unum
1443 4404 1668 4453 unum
1704 4395 1776 4453 et
1812 4405 2041 4454 unum
2074 4381 2463 4470 ternariuS,
