3182 5102
989 483 1096 533 DE
1137 482 1688 533 SYLLofflsMo.
2283 467 2381 532 45

301 633 379 695 et
415 621 956 696 extendebatur
1006 623 1412 698 secundum
1462 624 1733 714 locum,
1789 635 1866 697 et
1914 625 2080 698 loco
2132 647 2382 698 move-

301 737 545 823 batur,
584 747 661 808 et
697 737 1033 809 oratione
1059 738 1412 811 utebatur
1438 762 1665 811 unam
1688 750 1764 812 et
1786 738 2094 811 eandem
2128 738 2377 826 fuisse,

305 849 681 923 concludit
750 849 973 922 etiam
1028 850 1330 924 nomina
1395 851 1522 924 illa
1580 852 1728 925 tria
1785 851 2017 940 homa,
2075 850 2381 941 animal,

305 989 605 1062 corpus,
658 964 985 1059 ejusdem
1019 964 1125 1037 rei
1169 988 1328 1038 esse
1363 965 1687 1053 nomina,
1719 977 1796 1039 et
1826 965 2139 1063 proinde
2174 965 2382 1037 homo

305 1087 422 1149 est
448 1102 749 1174 corpu-5,
772 1101 930 1150 esse
957 1078 1539 1174 propositionem
1566 1102 1837 1152 veram.
1906 1078 2385 1152 Manifestum

305 1191 479 1264 hinc
536 1202 649 1264 est
704 1203 1145 1287 conceptum
1207 1192 1359 1264 sive
1409 1192 1940 1288 cogitationem
2005 1216 2170 1289 quae
2231 1216 2386 1265 res-

308 1304 642 1402 pondens
697 1304 1119 1401 syllogismo
1166 1328 1255 1377 ex
1288 1306 1920 1401 propositionibus
1954 1306 2385 1379 universali-

308 1420 445 1492 bus
479 1418 556 1493 in
593 1418 839 1491 animo
876 1417 1151 1506 existit,
1188 1418 1467 1491 nullam
1503 1444 1662 1493 esse
1711 1420 1789 1492 in
1824 1420 1914 1494 iis
1949 1420 2385 1493 animalibus

311 1532 575 1629 quibus
610 1532 819 1604 deest
845 1555 1022 1604 usus
1051 1531 1456 1619 nominum,
1512 1556 1681 1605 cum
1717 1533 1913 1606 inter
1947 1534 2387 1630 syllogizan-

311 1646 489 1719 dum
548 1658 890 1741 oporteat
922 1669 1075 1717 non
1122 1644 1343 1718 modo
1398 1645 1490 1745 de
1524 1670 1605 1718 re
1658 1645 1789 1719 sed
1823 1646 2047 1720 etiam
2081 1646 2386 1720 alternis

309 1760 593 1834 vicibus
647 1758 742 1832 de
803 1758 1108 1832 diversis
1168 1758 1278 1831 rei
1341 1758 1789 1850 nominibus,
1858 1784 2023 1857 quae
2081 1770 2390 1856 propter

310 1874 640 1947 diversas
675 1871 765 1945 de
806 1896 881 1944 re
917 1872 1406 1968 cogitationes
1427 1871 1763 1945 adhibita
1797 1886 1994 1962 sunt,
2031 1873 2383 1970 cogitare.

2479 678 2655 729 PARS
2680 678 2727 735 l-

411 1996 485 2061 9.
538 1987 868 2083 Reliquae
912 1986 1171 2082 figurae
1205 2010 1250 2057 a
1274 1985 1534 2080 primae
1578 1986 1733 2058 sive
1786 1986 2087 2059 directae
2127 1988 2386 2083 figurae
2410 2009 2588 2072 Figura

2406 2075 2639 2122 indirecta

310 2101 730 2189 inflexione,
766 2098 884 2171 vel
918 2098 1359 2186 inversione,
1396 2098 1599 2194 quod
1631 2099 1719 2171 fit
1744 2123 1877 2194 per
1909 2100 2233 2195 majoriS,
2268 2099 2386 2172 vel
2409 2141 2566 2203 prim,

308 2214 640 2304 minoriS,
689 2212 809 2286 vel
865 2211 1250 2308 utriusque
1297 2211 1787 2286 mutationem
1827 2213 1905 2286 in
1955 2237 2386 2287 conversam
2406 2205 2644 2269 q⁰⁰¹¹¹⁰d⁰
2663 2203 2735 2256 θ’·

308 2330 451 2427 ipsi
512 2326 1131 2426 aequipollentem,
1184 2325 1574 2410 oriuntur3
1639 2351 1731 2399 ex
1782 2350 1928 2423 quo
1981 2339 2393 2424 sequuntur

308 2459 463 2518 tres
497 2442 661 2515 aliae
694 2442 977 2538 figurae,
1032 2463 1343 2535 quarum
1379 2439 1545 2513 duae
1589 2440 1882 2514 inflexae
1916 2454 2112 2531 sunt,
2168 2442 2392 2515 tertia

310 2559 626 2632 inversa.
733 2555 1022 2627 Harum
1076 2553 1302 2625 trium
1357 2553 1598 2650 prima
1642 2555 1731 2627 fit
1781 2579 1872 2628 ex
1908 2556 2389 2629 conversione

311 2670 613 2767 majoris
647 2668 791 2742 hoc
826 2667 1048 2740 modo
1078 2696 1097 2750 ;
1152 2665 1301 2739 sint
1334 2667 1633 2739 termini
1667 2667 2111 2742 indirectum
2139 2668 2390 2766 positi,

312 2785 580 2875 minor,
608 2782 917 2872 medius,
952 2782 1213 2877 major,
1241 2780 1386 2852 hoc
1408 2780 1668 2854 ordine
1688 2780 1898 2854 homo
1926 2792 2043 2855 est
2080 2782 2389 2873 animal,

314 2910 431 2973 est
475 2923 616 2971 non
655 2896 885 2994 lapis,
935 2896 1025 2967 fit
1073 2895 1313 2991 figura
1355 2893 1641 2967 directa
1701 2920 1865 2993 quae
1918 2906 2392 2993 retorquetur

313 3037 445 3111 per
480 3008 1036 3086 conversionem
1072 3007 1370 3106 majoris
1396 3012 1540 3085 hoc
1569 3008 1815 3102 mod0,

711 3173 959 3245 Homo
994 3183 1110 3246 est
1138 3173 1444 3264 animal,

715 3287 960 3384 Lapis
1011 3296 1126 3358 est
1177 3312 1318 3359 non
1370 3287 1675 3377 animal,

318 3478 396 3541 et
446 3467 578 3539 fiet
626 3465 866 3561 figura
921 3460 1245 3535 secunda
1312 3461 1465 3536 sive
1527 3462 2057 3537 indirectamm
2110 3463 2393 3560 prima;

320 3582 532 3676 cujus
569 3577 944 3652 conclusio
982 3575 1147 3665 erit,
1186 3575 1394 3647 homo
1431 3585 1548 3648 est
1584 3602 1727 3648 non
1765 3576 1994 3674 lapis.

419 3693 614 3765 Nam
636 3715 803 3765 cum
824 3703 1204 3764 ostensum
1226 3689 1324 3762 sit
1335 3689 1575 3785 capite
1596 3691 2062 3787 praecedente
2082 3692 2400 3766 articulo

329 3816 440 3896 14,
478 3828 868 3879 conversas
901 3804 1352 3877 universales
1393 3827 1528 3900 per
1561 3805 2048 3878 terminorum
2101 3817 2392 3878 contra-

322 3920 724 3993 dictionem
759 3942 916 3991 esse
950 3917 1531 4015 aequipollenteS,
1580 3929 1895 4014 uterque
1931 3911 2396 4016 syllogismus

321 4033 515 4106 idem
551 4029 993 4113 concludet3
1044 4054 1219 4101 nam
1255 4029 1316 4102 si
1367 4030 1696 4126 legamus
1732 4033 2087 4128 majorem
2136 4032 2395 4106 ordine

322 4145 693 4219 contrario
730 4143 963 4236 (more
991 4143 1511 4238 Hebraeorum)
1544 4143 1829 4216 animal
1852 4154 1968 4216 est
1994 4171 2133 4218 non
2165 4144 2395 4243 lapis,

324 4260 577 4334 eadem
614 4257 914 4333 omnino
952 4256 1094 4330 erit
1128 4256 1320 4329 ratio
1357 4280 1521 4353 quae
1571 4258 1816 4330 fuerat
1848 4258 2052 4354 prius
2088 4259 2392 4334 directa.
