3182 5102
696 424 794 491 92
1288 446 1857 501 PHILOSOPHIA
1893 452 2183 505 PmMA.

337 633 510 683 PARS
546 635 619 687 11.
690 610 1168 702 quaerendum
1235 628 1437 699 erat3
1523 616 1869 690 nimirum
1936 620 2130 692 unde
2198 620 2484 695 accidit
2567 627 2771 720 quod

329 704 611 805 *XL-,2
690 725 1033 820 corpori-s·
1066 752 1213 798 una
1231 753 1434 826 pars
1469 730 1664 819 hinc,
1728 731 1980 804 altera
2042 731 2254 806 illine
2313 743 2762 832 appareat?

686 836 800 909 sic
827 839 1021 911 enim
1042 852 1244 912 recte
1271 843 1839 939 respondebitur
1850 855 2184 943 propter
2206 848 2702 921 extensionem
2730 878 2761 934 ,-

684 950 803 1023 vel
870 953 1063 1025 unde
1131 955 1416 1027 accidit
1481 957 1687 1054 quod
1748 968 1977 1031 totum
2045 983 2319 1056 eorpus
2387 960 2757 1052 continue,

685 1065 897 1138 modo
938 1066 1132 1153 hine,
1172 1069 1382 1141 modo
1418 1068 1631 1143 illinc
1666 1072 2126 1170 conspicitur
2150 1077 2192 1144 2
2249 1085 2326 1145 et
2360 1073 2757 1169 responde-

683 1177 909 1264 bitur,
949 1191 1281 1279 propter
1326 1193 1591 1255 motum
1613 1211 1641 1267 ;
1695 1185 1812 1257 vel
1847 1185 2163 1281 denique
2220 1186 2413 1258 unde
2467 1187 2754 1260 accidit

685 1303 767 1364 ut
788 1293 981 1366 idem
999 1295 1324 1392 spatium
1337 1306 1667 1395 tempore
1685 1298 1939 1396 aliquo
1961 1300 2322 1396 occupari
2350 1300 2697 1372 videatur
2711 1305 2754 1373 2

682 1417 771 1479 ut
802 1408 1355 1504 respondeatur,
1390 1421 1817 1508 propterea
1852 1412 2056 1509 qnod
2100 1437 2242 1484 non
2289 1422 2404 1484 est
2460 1423 2750 1486 motum.

682 1518 877 1592 Nam
939 1520 1001 1592 si
1054 1521 1145 1594 de
1203 1524 1501 1596 nomine
1564 1526 1916 1621 corporis,
1979 1525 2057 1598 id
2107 1537 2242 1615 est,
2298 1526 2391 1598 de
2451 1526 2752 1600 nomine

682 1645 1030 1707 concreto
1066 1635 1590 1732 interrogatur,
1627 1639 1819 1736 quid
1848 1648 1963 1710 est
1993 1643 2035 1711 ,9
2086 1663 2220 1735 per
2246 1638 2751 1712 definitionem

679 1748 1271 1843 respondendum
1301 1762 1436 1836 est,
1473 1753 1828 1846 quaeritur
1851 1752 2046 1824 enim
2073 1752 2270 1825 vocis
2308 1753 2746 1850 significatio

682 1871 1019 1943 tantum;
1072 1884 1328 1933 verum
1363 1862 1425 1935 si
1474 1864 1564 1936 de
1616 1864 1916 1938 nomine
1966 1866 2340 1939 abstracto
2378 1879 2748 1961 quaeratur

678 1972 866 2069 qnid
923 1983 1038 2045 est
1066 1978 1109 2045 ‚9
1162 1974 1516 2070 quaeritur
1564 2001 1787 2050 causa
1835 2002 2062 2073 quare
2119 1977 2397 2073 aliquid
2455 1979 2597 2051 hoc
2631 1979 2746 2051 vel

673 2085 801 2158 illo
867 2086 1087 2160 modo
1155 2098 1484 2183 apparet.
1656 2091 1760 2163 Ut
1827 2091 1889 2163 si
1957 2103 2332 2185 quaeratur
2399 2091 2576 2187 quid
2648 2092 2745 2164 sit

675 2196 963 2285 durum,
1018 2200 1583 2295 respondebitur
1620 2202 1881 2275 durum
1940 2213 2055 2274 est
2110 2204 2320 2298 cuju-s·
2345 2227 2549 2301 pare
2597 2229 2739 2276 non

673 2311 877 2384 cedit
929 2312 1078 2384 nisi
1112 2313 1417 2386 cedente
1452 2324 1607 2387 toto
1638 2343 1667 2397 ;
1731 2329 1810 2388 at
1857 2315 1919 2389 si
1966 2327 2360 2412 quaeratur,
2426 2315 2747 2389 duritie-s·

670 2425 861 2522 qnid
882 2426 986 2498 sit
1008 2432 1051 2499 3
1104 2427 1581 2501 Ostendenda
1609 2441 1723 2501 est
1746 2453 1986 2516 causa,
2021 2453 2247 2524 quare
2268 2428 2412 2501 nisi
2434 2430 2743 2503 cedente

669 2549 856 2629 tote,
892 2565 1061 2637 pars
1096 2565 1247 2615 non
1296 2540 1516 2616 cedit.
1621 2542 2071 2615 Definiemus
2125 2540 2356 2639 igitur
2389 2543 2740 2616 accidens

667 2677 830 2725 esse
866 2655 1333 2752 concipiendi
1368 2657 1712 2753 eorporis
1742 2657 2046 2729 modum.

275 2774 528 2823 Quomodo
765 2777 835 2841 3.
893 2768 1113 2843 Quod
1197 2780 1446 2841 autem
1514 2770 1866 2842 accidens
1950 2769 2027 2841 in
2107 2792 2424 2866 corpore
2495 2769 2738 2841 inesse

276 2838 576 2900 intelligatur
718 2880 734 2895 .
1031 2882 1046 2897 .
1328 2883 1344 2897 .
1604 2883 1619 2897 .
1682 2883 1697 2897 .
2391 2882 2408 2896 .
2535 2882 2552 2896 .
2662 2882 2678 2897 .

275 2904 498 2952 accidens
664 2880 977 2972 dlcatur,
1028 2883 1105 2955 1d
1139 2906 1289 2955 non
1325 2895 1433 2955 lta
1466 2882 1979 2979 acclplendum
2014 2894 2149 2970 est,
2207 2906 2295 2954 ac
2352 2906 2413 2954 s1
2461 2881 2738 2977 ahquld

271 2967 613 3096 ἱῗιῖἷῖἶιῖηωο,
661 2994 739 3068 in
810 3019 1119 3092 corpore
1187 3007 1625 3069 contentum
1695 3008 1912 3084 esset,
2001 3007 2353 3090 tanquam
2422 2996 2734 3092 exempli

658 3109 904 3205 gratia
954 3109 1064 3183 ita
1111 3110 1339 3182 rubor
1370 3109 1648 3182 inesset
1682 3106 2046 3205 sanguini,
2097 3106 2288 3180 sicut
2323 3107 2620 3203 sanguis
2654 3108 2731 3181 in

661 3234 1050 3296 cruentata
1081 3234 1310 3311 veste,
1363 3222 1440 3294 id
1492 3233 1627 3311 est,
1681 3232 1769 3293 ut
1818 3245 1989 3317 pars
2038 3221 2117 3293 in
2152 3231 2361 3304 toto;
2415 3245 2587 3292 nam
2622 3221 2728 3294 sic

658 3337 1001 3410 accidens
1037 3349 1230 3409 esset
1265 3359 1558 3432 quoque
1609 3359 1927 3431 corpus;
2008 3333 2139 3407 sed
2201 3333 2393 3406 sicut
2446 3334 2731 3429 magni-

658 3450 864 3538 tudo,
899 3449 1016 3522 vel
1051 3449 1279 3545 quieS,
1323 3448 1439 3520 vel
1473 3459 1719 3521 motus
1755 3458 1870 3520 est
1903 3447 1980 3518 in
2016 3471 2102 3519 eo
2140 3446 2338 3541 quod
2371 3470 2724 3543 magnum

656 3575 793 3650 est,
847 3562 1044 3660 quod
1095 3561 1430 3659 quiescit,
1482 3561 1601 3633 vel
1651 3560 1851 3658 quod
1901 3570 2238 3633 movetur
2296 3558 2527 3655 (quod
2578 3584 2725 3656 quo

652 3675 874 3750 modo
910 3673 1468 3771 intelligendum
1504 3686 1617 3746 est
1648 3672 2150 3769 unusquisque
2199 3672 2579 3768 intelligit)
2619 3673 2730 3746 ita

652 3789 876 3862 etiam
938 3811 1154 3862 omne
1214 3787 1414 3860 aliud
1475 3786 1816 3859 accidens
1878 3785 2118 3859 inesse
2185 3786 2517 3881 subjecto
2589 3810 2720 3859 suo

649 3901 963 3998 intelligi
1032 3901 1273 3975 debet.
1409 3900 1498 3973 Id
1574 3899 1774 3996 quod
1842 3899 2064 3972 etiam
2147 3899 2239 3971 ab
2319 3898 2722 3972 Aristotele

649 4016 1095 4112 explicatum
1149 4025 1285 4104 est,
1340 4038 1491 4086 non
1549 4013 1787 4103 aliter,
1826 4037 2045 4109 quam
2091 4012 2457 4109 negative,
2513 4011 2718 4085 vide-

648 4128 829 4202 lieet
863 4128 1212 4201 accidens
1253 4127 1497 4200 inesse
1546 4126 1876 4222 subjecto
1923 4151 2063 4198 non
2111 4136 2461 4224 tanquam
2490 4151 2718 4223 pare,

649 4242 755 4315 sic
792 4253 1063 4330 tamen,
1098 4251 1180 4313 ut
1214 4241 1375 4313 sine
1426 4240 1745 4336 subjecti
1795 4239 2103 4311 interitu
2138 4238 2401 4310 abesse
2433 4239 2716 4335 possit.

648 4356 746 4428 Et
798 4368 999 4429 recte
1053 4353 1372 4451 quidem,
1417 4352 1585 4426 nisi
1649 4352 1848 4449 quod
1907 4350 2244 4447 quaedam
2302 4350 2719 4424 accidentia
