3182 5102
708 459 850 523 214
1191 471 1298 524 DE
1337 472 1846 526 RArlonUs
1884 475 2271 527 mortum.

354 642 665 760 PAlffiffl·
710 639 806 712 ad
838 636 1076 727 aliam,
1115 640 1176 712 E
1209 639 1334 723 H;
1389 651 1465 713 et
1513 665 1647 736 per
1704 641 1949 714 omnia
1993 652 2272 737 puncta
2324 638 2396 711 H
2452 638 2768 711 ducatur

365 780 648 814 *ἥρ-ν
708 751 903 824 linea
930 753 996 826 D
1020 753 1092 824 H
1118 754 1188 825 H
1220 754 1314 837 B;
1348 752 1922 850 habebimusque
1955 755 2328 827 trilineum
2350 752 2495 824 BH
2514 750 2764 836 HDC‚

317 848 597 975 ἓζζζᾞῗ
715 864 912 960 quod
944 889 1127 938 voco
1163 889 1252 938 ex
1292 866 1534 939 media
1573 891 1769 951 una;
1823 867 1997 964 quia
2048 867 2126 939 in
2181 866 2415 939 tribus
2457 887 2767 960 propor-
2869 875 2889 895 ⁸

320 978 649 1106 flffissgffgfio-
715 977 1132 1065 tionalibuS‚
1199 991 1287 1051 ut
1349 980 1409 1051 E
1433 980 1510 1068 F,
1572 981 1633 1052 E
1657 980 1741 1065 G,
1795 981 1855 1052 E
1882 981 1981 1069 H,
2050 979 2270 1052 unica
2329 990 2442 1051 est
2501 976 2764 1062 media,

712 1114 976 1186 nempe
1008 1092 1067 1162 E
1090 1091 1195 1175 G;
1248 1103 1505 1188 estque
1533 1092 1908 1165 trilineum
1939 1093 2082 1165 hoc
2109 1087 2768 1189 parallelogrammi

715 1203 785 1297 ξ,
821 1228 1082 1300 nempe
1113 1205 1482 1300 parabola.
1585 1207 1868 1278 Rursus
1916 1207 2049 1279 fiat
2101 1218 2186 1278 ut
2236 1206 2296 1277 E
2319 1204 2383 1277 G
2432 1203 2525 1276 ad
2574 1203 2634 1274 E
2665 1202 2767 1288 H,

715 1318 820 1389 ita
852 1318 911 1388 E
937 1318 1007 1389 H
1046 1318 1139 1390 ad
1191 1317 1429 1399 aliam,
1482 1320 1542 1391 E
1570 1320 1605 1391 I
1639 1350 1657 1403 ;
1713 1319 2167 1415 ducaturque
2226 1318 2422 1390 linea
2471 1316 2533 1389 Β
2560 1315 2650 1387 ΙΙ
2674 1315 2768 1402 D,

714 1430 1251 1527 habebiturque
1285 1430 1659 1504 trilineum
1694 1432 1754 1504 B
1781 1433 1814 1504 I
1838 1433 1872 1504 I
1897 1433 1963 1504 D
1990 1432 2048 1504 C
2082 1430 2282 1527 quod
2316 1441 2429 1503 est
2462 1428 2770 1527 paralle-

715 1543 1102 1639 logrammi
1166 1554 1317 1616 tres
1385 1555 1691 1637 quartae,
1758 1555 2213 1640 vocaturque
2281 1568 2327 1616 a
2399 1539 2772 1614 nonnullis

714 1656 1065 1753 parabola
1097 1657 1377 1729 cubica.
1478 1657 1757 1729 Eodem
1790 1656 2009 1730 modo
2046 1657 2107 1730 si
2142 1656 2466 1729 rationes
2503 1655 2581 1727 in
2633 1654 2693 1725 E
2715 1655 2777 1725 F

719 1780 1027 1866 sumptae
1105 1769 1411 1842 ulterius
1497 1770 2043 1859 continuentur,
2134 1777 2513 1864 emergent
2585 1765 2772 1838 trili-

719 1904 860 1954 nea
909 1893 1178 1955 caetera
1241 1882 1600 1956 columnae
1653 1883 1930 1979 primae.
2037 1882 2258 1957 Quod
2312 1903 2567 1953 verum
2612 1902 2774 1951 esse

721 1994 1191 2067 ostendemus
1224 1994 1367 2067 hoc
1403 1995 1643 2068 modo.
1749 1997 2134 2069 Ducantur
2183 2006 2406 2067 rectae
2432 1993 2590 2066 basi
2617 1993 2683 2066 D
2715 1993 2774 2066 C

720 2107 1107 2203 parallelae,
1168 2119 1255 2180 ut
1319 2109 1391 2180 H
1418 2110 1510 2197 K,
1568 2109 1632 2181 G
1654 2110 1760 2192 L;
1848 2109 2193 2205 quoniam
2229 2131 2405 2204 ergo
2463 2107 2523 2178 E
2546 2107 2603 2177 F
2662 2116 2775 2177 est

724 2218 821 2291 ad
873 2220 933 2291 E
962 2218 1034 2291 H
1103 2221 1177 2292 in
1249 2221 1616 2316 duplicata
1679 2221 1961 2293 ratione
2046 2222 2106 2292 E
2128 2222 2185 2292 F
2274 2219 2369 2292 ad
2421 2220 2481 2290 E
2503 2218 2567 2291 G
2625 2218 2777 2290 sive

727 2331 878 2403 BC
947 2331 1041 2403 ad
1122 2332 1288 2421 BL,
1354 2332 1498 2404 hoc
1566 2343 1703 2421 est,
1775 2332 1924 2405 CD
1991 2332 2088 2405 ad
2147 2332 2318 2419 LG,
2372 2330 2523 2403 sive
2595 2328 2778 2402 ΚΜ

727 2443 822 2516 ad
876 2443 945 2515 K
977 2444 1074 2528 H,
1133 2443 1275 2516 erit
1329 2445 1389 2516 Β
1420 2444 1479 2517 C
1545 2444 1641 2517 ad
1710 2446 1770 2517 Β
1794 2446 1862 2517 K
1928 2444 2006 2517 in
2063 2444 2434 2540 duplicata
2491 2442 2779 2515 ratione

729 2558 901 2630 KM
937 2557 1291 2641 adKH;
1346 2557 1476 2630 sed
1526 2570 1613 2631 ut
1665 2558 1812 2631 BC
1870 2558 1967 2631 ad
2027 2559 2205 2649 ΒΚ,
2269 2557 2376 2630 ita
2427 2557 2575 2630 DC
2627 2556 2779 2628 sive

729 2670 798 2742 K
825 2671 905 2743 M
942 2669 1037 2742 ad
1076 2671 1142 2741 K
1175 2670 1291 2754 N;
1346 2682 1460 2742 est
1494 2694 1670 2767 ergo
1707 2671 1776 2743 K
1804 2671 1884 2743 M
1938 2670 2033 2743 ad
2084 2670 2246 2743 KN
2298 2670 2374 2743 in
2410 2669 2783 2765 duplicata

726 2783 1013 2856 ratione
1070 2784 1136 2854 K
1164 2784 1244 2856 M
1300 2783 1396 2856 ad
1450 2785 1518 2856 K
1551 2785 1676 2867 H;
1729 2783 1973 2880 idque,
2013 2784 2430 2879 ubicunque
2463 2794 2783 2879 ponatur

726 2908 933 2969 recta
995 2895 1342 2992 parallela
1409 2898 1475 2968 K
1506 2897 1633 2981 M;
1703 2908 1816 2969 est
1885 2921 2063 2992 ergo
2131 2898 2370 2992 figura
2437 2897 2497 2968 Β
2526 2896 2598 2967 Η
2630 2896 2696 2967 D
2724 2894 2785 2966 C

729 3008 952 3105 dupla
985 3008 1500 3105 complementi
1534 3010 1646 3082 sui
1684 3009 1744 3081 B
1774 3010 1848 3082 H
1872 3010 1938 3082 D
1960 3010 2049 3099 A,
2104 3022 2179 3082 et
2211 3009 2518 3106 proinde
2552 3008 2784 3079 totius

726 3121 1388 3218 parallelogrammi
1415 3125 1483 3215 {a
1536 3120 1815 3194 Eodem
1845 3121 2063 3193 modo
2102 3121 2163 3194 si
2184 3121 2498 3194 ducatur
2523 3120 2783 3206 OPIQ,

730 3233 1020 3306 ostendi
1053 3244 1302 3329 potest
1334 3233 1697 3305 rationem
1748 3234 1813 3306 Ο
1841 3232 1914 3307 Q
1964 3233 2059 3306 ad
2109 3233 2173 3305 O
2204 3233 2281 3322 P,
2333 3233 2412 3305 id
2447 3243 2582 3319 est,
2637 3232 2697 3304 B
2725 3231 2788 3304 C

732 3346 829 3419 ad
890 3345 947 3416 B
971 3345 1060 3433 O,
1111 3344 1556 3441 triplicatam
1594 3369 1752 3419 esse
1785 3346 2093 3419 rationis
2148 3346 2213 3418 Ο
2238 3346 2311 3420 Q
2359 3344 2454 3418 ad
2504 3345 2652 3431 01,
2711 3356 2789 3417 et

730 3457 1040 3556 proinde
1073 3459 1386 3554 figuram
1422 3459 1482 3530 Β
1506 3458 1540 3529 Ι
1565 3458 1632 3531 D
1656 3458 1715 3531 C
1748 3481 1905 3531 esse
1941 3458 2237 3555 triplam
2272 3457 2790 3554 complementi

734 3570 846 3644 sui
908 3569 970 3642 B
993 3571 1026 3641 1
1052 3571 1118 3643 D
1141 3571 1231 3659 A,
1284 3582 1360 3642 et
1420 3594 1553 3666 per
1608 3593 2063 3666 consequens
2124 3571 2354 3643 totius
2405 3570 2793 3666 parallelo-

733 3682 1045 3780 grammi
1080 3694 1231 3755 tres
1262 3694 1583 3779 quartaS,
1623 3695 1763 3755 etc.

835 3795 1198 3883 Secunde,
1258 3808 1348 3867 ut
1396 3794 1928 3868 describantur
1958 3795 2252 3868 trilinea
2301 3819 2464 3891 quae
2500 3808 2673 3869 sunt
2715 3797 2794 3870 in

736 3908 1064 4005 quolibet
1130 3908 1470 3980 ordinum
1538 3919 2145 3996 transversorum,
2205 3908 2620 3982 faciendum
2681 3922 2797 3984 est

733 4022 877 4094 hoc
943 4019 1186 4093 modo.
1326 4021 1439 4094 Sit
1504 4020 2265 4117 parallelogrammum
2339 4022 2447 4116 (in
2513 4023 2639 4118 fig.
2710 4024 2788 4116 3)

735 4134 805 4207 A
833 4135 893 4206 Β
923 4135 981 4207 C
1009 4135 1099 4221 D,
1137 4135 1345 4231 cujus
1380 4133 1786 4230 diagonalis
1824 4135 1884 4206 Β
1913 4134 1980 4207 D
2012 4166 2031 4218 ;
2082 4135 2251 4208 volo
2288 4135 2363 4208 in
2399 4160 2487 4209 eo
2524 4135 2798 4209 descri-

734 4247 910 4321 bere
966 4247 1283 4336 trilinea,
1347 4272 1510 4344 quae
1562 4247 1639 4320 in
1692 4249 1963 4322 tabella
2011 4250 2476 4345 praecedente
2510 4251 2797 4348 appello

737 4359 1032 4433 trilinea
1082 4384 1174 4431 ex
1210 4360 1469 4432 mediis
1507 4360 1766 4434 tribus.
1874 4362 2082 4435 Duco
2118 4363 2345 4459 igitur
2376 4364 2436 4435 E
2467 4365 2522 4437 F
2565 4365 2804 4461 paral,-
