3182 5102
1160 552 1310 595 vrrA
1342 552 1499 596 Tun.
1535 550 1817 595 nonnus.
2352 530 2572 593 lxxxix

584 718 669 783 Et
696 718 1164 783 demonstrandi
1193 717 1378 783 docui
1408 732 1743 804 praecepta,
1772 717 2070 803 globique

668 854 985 920 Mundani
1016 855 1257 933 faciem,
1291 854 1792 942 multiplicesque
1818 876 2023 941 gyros·

583 989 831 1055 Litibus
859 1006 924 1056 et
951 990 1166 1070 finem,
1196 991 1435 1056 faciunt
1464 1014 1620 1078 quas
1638 996 1809 1076 plus,
1840 995 2071 1066 minus,
2103 1002 2168 1052 et
2186 1013 2336 1074 par,

668 1126 814 1201 Qua
840 1142 1049 1213 posset
1067 1129 1242 1214 justa
1271 1150 1504 1215 ponere
1531 1127 1674 1213 lege
1702 1126 1867 1190 dedi.

581 1262 746 1329 Haec
775 1263 954 1328 illum
983 1264 1168 1328 docui
1198 1286 1311 1351 per
1341 1277 1577 1351 septem
1608 1262 1861 1327 sedulus
1888 1284 2126 1340 annos;

669 1400 785 1466 Ille
814 1401 979 1466 celer
1007 1401 1247 1478 didicit,
1280 1400 1664 1488 retinuitque
1694 1421 1953 1464 memor.

585 1537 723 1601 Nec
753 1552 962 1602 tamen
993 1538 1111 1602 hoc
1142 1551 1387 1622 tempus
1415 1535 1591 1600 libris
1616 1535 2117 1621 consumpsimus
2146 1556 2350 1610 omne,

671 1672 756 1736 Ni
787 1673 1096 1737 mundum
1126 1672 1271 1737 libri
1300 1671 1533 1737 dixeris
1562 1694 1696 1735 esse
1723 1669 1879 1735 loco,

587 1808 790 1875 Italiae
820 1809 1066 1887 multas,
1103 1809 1435 1874 Gallorum
1463 1825 1530 1873 et
1556 1808 1826 1873 vidimus
1857 1807 2084 1883 urbes3

676 1945 962 2010 Secessus
991 1944 1203 2010 dulces
1231 1944 1501 2009 vidimus
1534 1942 1969 2031 Allobrogum.

587 2083 713 2147 Ast
738 2104 855 2167 ego
883 2096 1187 2168 perpetuo
1216 2093 1508 2144 naturam
1538 2078 1746 2165 cogito
1776 2099 2009 2153 rerum,

678 2219 804 2282 Seu
834 2233 988 2297 rate,
1022 2241 1131 2282 seu
1160 2239 1369 2294 curru,
1403 2217 1530 2281 sive
1559 2216 1807 2281 ferebar
1835 2238 2017 2301 equo·

587 2355 677 2420 Et
707 2355 857 2420 mihi
887 2356 1018 2420 visa
1045 2355 1300 2443 quidem
1331 2368 1427 2419 est
1456 2368 1589 2419 toto
1620 2376 1718 2417 res
1749 2352 1936 2417 unica
1966 2349 2203 2414 mundo

677 2494 862 2573 Vera,
893 2495 1041 2561 licet
1068 2494 1278 2559 multis
1306 2491 1631 2558 falsificata
1660 2490 1895 2556 modis:

593 2632 801 2696 Unica
828 2653 977 2696 vera
1004 2630 1280 2718 quidem,
1313 2630 1423 2694 sed
1455 2652 1600 2717 quae
1631 2628 1712 2692 sit
1739 2627 1904 2692 basis
1933 2648 2151 2691 earum

681 2768 940 2846 Rerum,
975 2790 1128 2853 quas
1156 2765 1313 2830 falso
1339 2765 1606 2830 dicimus
1635 2786 1769 2828 esse
1796 2761 2034 2850 aliquid
2057 2787 2075 2839 3

590 2903 823 2979 Qualia
850 2926 1102 2968 somnus
1135 2902 1326 2967 habet
1354 2901 1637 2988 fugitiva,
1669 2914 1735 2965 et
1763 2899 1974 2987 qualia
2003 2899 2176 2963 vitris

680 3039 964 3104 Arbitrio
991 3061 1240 3125 possum
1272 3037 1688 3124 multiplicare
1716 3059 1897 3112 meo;

599 3174 974 3253 Phantasiae‚
1006 3175 1203 3240 nostri
1234 3174 1477 3240 soboles
1506 3173 1768 3251 cerebri,
1801 3172 1960 3236 nihil
1988 3186 2205 3248 extra3

684 3311 976 3376 Partibus
1005 3311 1267 3376 internis
1296 3311 1385 3374 nil
1409 3311 1529 3374 nisi
1558 3285 1765 3373 motus
1795 3309 1974 3373 inest.

596 3449 771 3515 Hinc
799 3464 894 3514 est
923 3448 1113 3537 quod,
1146 3448 1464 3535 physicam
1496 3446 1778 3534 quisquis
1796 3436 1944 3509 ‘vult
1971 3444 2227 3520 discere,
2271 3456 2474 3507 motus

685 3584 857 3659 Quid
886 3583 1095 3671 possit,
1128 3583 1317 3648 debet
1345 3581 1746 3668 perdidicisse
1775 3581 1964 3667 prius,

596 3720 773 3809 Ergo
803 3720 1080 3785 materiae
1111 3734 1440 3805 motusque
1468 3740 1698 3783 arcana
1727 3716 2021 3795 recludo;

686 3856 791 3921 Sic
822 3871 1065 3942 tempus
1094 3876 1361 3920 vacuum
1391 3853 1536 3919 fallo
1566 3877 1681 3940 per
1712 3852 1978 3918 Italiam.

598 3993 823 4058 Scribo
853 3992 1027 4070 nihil,
1060 3992 1218 4057 facio
1246 3991 1601 4055 adversaria
1627 3989 1822 4066 nulla,
1854 3989 2150 4076 magistra

685 4128 849 4203 Quae
879 4128 1114 4204 docuit,
1145 4149 1420 4213 praesens
1449 4149 1593 4191 narn
1624 4125 1779 4190 mihi
1809 4148 2053 4212 semper
2080 4139 2234 4189 erat.

602 4264 980 4351 Linquimus
1012 4262 1279 4341 Italiam,
1313 4285 1652 4350 rursusque
1681 4261 1956 4326 redimus
1984 4260 2066 4326 ad
2093 4259 2221 4325 alta

691 4402 940 4468 Moenia
971 4402 1264 4480 Lutetiae,
1300 4416 1586 4488 tectaque
1617 4398 1968 4486 magnifica.
