3182 5102
370 625 546 675 PARS
572 626 658 676 1v.

478 693 558 740 2⁵.

349 830 400 878 N
402 836 549 908 uturp
563 832 710 909 nenti·

348 903 475 943 enti·
509 906 708 945 invem-

344 961 488 1022 gafio,
505 968 552 1009 et
566 963 711 1010 senui—

352 1026 455 1073 onin
477 1026 707 1076 definitio.

739 436 880 501 318
1579 454 1956 507 PHYsmA.

734 629 973 701 mata3
1026 629 1101 690 et
1132 620 1400 714 partim
1435 620 1656 707 etiam
1690 634 2029 695 naturam
2063 623 2243 719 ejuS,
2280 646 2569 718 nempe,
2608 623 2823 719 quod

735 732 828 803 sit
859 743 1104 804 motus
1138 732 1398 828 aliquis
1432 734 1764 808 internus
1799 736 1875 808 in
1909 736 2299 809 sentiente.

834 845 1224 919 Ostensum
1259 859 1371 920 est
1402 859 1781 944 praeterea,
1812 850 2001 945 (cap.
2030 872 2219 922 vul.
2243 861 2380 921 art.
2411 852 2489 941 7)
2518 862 2815 921 motum

732 957 872 1030 nisi
918 981 964 1030 a
1011 970 1213 1031 moto
1261 970 1335 1031 et
1385 961 1734 1056 contiguo
1774 961 2112 1056 generari
2146 984 2298 1033 non
2331 985 2569 1056 posse.
2697 962 2813 1032 Ex

734 1094 880 1167 quo
915 1071 1348 1167 intelligitur
1385 1074 1739 1146 sensionis
1772 1074 2269 1147 immediatam
2319 1098 2614 1147 oausam
2651 1098 2813 1147 aese

731 1184 807 1256 in
855 1208 968 1272 e0,
1012 1185 1211 1281 quod
1256 1187 1610 1259 sensionis
1661 1210 2019 1282 organum
2068 1189 2387 1284 primum
2432 1200 2509 1261 et
2561 1189 2809 1283 tangit

732 1306 807 1368 et
836 1297 1127 1392 premit.
1229 1298 1306 1370 Si
1342 1299 1536 1370 enim
1571 1300 1830 1394 organi
1883 1324 2052 1395 pars
2086 1302 2361 1373 extima
2391 1313 2801 1397 prematur,

727 1408 856 1481 illa
909 1409 1214 1483 cedente
1270 1421 1646 1506 premetur
1706 1435 1998 1508 quoque
2062 1436 2254 1508 parS,
2330 1438 2495 1509 quae
2552 1438 2807 1486 versus

728 1519 1082 1595 interiora
1113 1523 1217 1595 illi
1236 1523 1571 1618 proxima
1590 1534 1722 1611 est,
1748 1535 1824 1596 et
1850 1525 1956 1597 ita
1976 1526 2503 1621 propagabitur
2524 1528 2803 1622 pressio

730 1634 882 1707 sive
915 1646 1158 1708 motus
1191 1634 1312 1707 ille
1347 1659 1477 1730 per
1527 1650 1775 1731 partes
1828 1636 2083 1732 organi
2127 1662 2380 1710 omnes
2421 1663 2653 1735 usque
2706 1640 2805 1712 ad

731 1746 1083 1820 intimam.
1190 1747 1827 1822 Quemadmodum
1862 1763 1935 1822 et
1970 1751 2245 1846 pressio
2283 1752 2579 1824 extimae
2633 1777 2806 1847 pro-

732 1860 928 1933 cedit
981 1861 1072 1933 ab
1125 1860 1369 1956 aliqua
1415 1862 1786 1957 pressione
1839 1863 2164 1958 corporis
2215 1865 2673 1948 remotioris;
2728 1880 2805 1938 et

731 1973 835 2046 sio
886 1985 1264 2070 perpetuo,
1320 1973 1553 2047 donec
1604 1975 1938 2047 veniatur
1997 1975 2093 2048 ad
2140 1977 2221 2050 id
2268 2001 2314 2050 a
2368 2002 2514 2073 quo
2567 1979 2804 2073 phan-

731 2097 967 2159 tasma
999 2087 1258 2182 ipsum,
1295 2087 1495 2182 quod
1525 2112 1571 2160 a
1603 2089 1935 2161 sensione
1969 2090 2076 2178 fit,
2100 2101 2452 2185 tanquam
2486 2115 2532 2163 a
2563 2092 2803 2186 primo

730 2198 936 2272 fonte
957 2200 1268 2273 derivari
1283 2200 1716 2296 judicamus.
1807 2201 1999 2274 Illud
2021 2213 2287 2292 autem,
2311 2203 2805 2300 quodcunque

730 2312 837 2383 rei
895 2313 1013 2399 sit,
1068 2314 1435 2409 objectum
1503 2314 1750 2386 vocari
1805 2313 2016 2387 solet.
2122 2316 2253 2388 Est
2319 2340 2495 2411 ergo
2563 2319 2802 2390 sensio

730 2436 973 2497 motus
1031 2426 1110 2497 in
1170 2426 1530 2498 sentiente
1583 2425 1848 2522 aliquis
1903 2427 2257 2516 internuS,
2316 2440 2708 2522 generatus
2758 2455 2806 2502 a

735 2548 944 2611 motu
986 2537 1232 2634 aliquo
1282 2537 1606 2635 partium
1657 2538 1926 2635 objecti
1976 2539 2453 2631 internarum,
2506 2554 2582 2615 et
2628 2567 2802 2637 pro-

732 2663 1044 2748 pagatus
1107 2675 1240 2747 per
1305 2651 1545 2724 media
1610 2637 1707 2724 ad
1767 2652 2024 2748 organi
2089 2665 2374 2748 partem
2443 2655 2797 2727 intimam.

738 2764 1023 2838 Quibus
1057 2764 1322 2853 verbiS,
1360 2764 1539 2860 quid
1572 2764 1814 2836 sensio
1851 2765 1965 2852 sit,
2002 2765 2157 2838 fere
2192 2765 2671 2841 definivimus.

834 2879 1226 2951 Ostensum
1259 2878 1433 2950 item
1469 2888 1581 2949 est
1621 2877 1809 2973 (cap.
1848 2900 1988 2951 xv.
2018 2889 2158 2950 art.
2196 2881 2275 2975 2)
2316 2879 2799 2954 resistentiam

734 3016 1024 3065 omnem
1066 3015 1220 3064 esse
1267 2992 1564 3064 conatui
1612 3002 1958 3064 conatum
2007 2993 2484 3080 contrarium,
2534 2993 2614 3066 id
2662 3006 2795 3084 est,

733 3105 1199 3177 reactionem.
1306 3104 1675 3178 Quoniam
1741 3105 1964 3200 igitur
2024 3107 2278 3195 motui,
2347 3108 2439 3179 ab
2508 3108 2796 3204 objecto

732 3241 865 3313 per
908 3216 1152 3290 media
1200 3217 1298 3290 ad
1343 3218 1601 3314 organi
1650 3229 1936 3314 partem
1985 3218 2316 3292 intimam
2368 3233 2795 3317 propag-am,

733 3331 819 3403 fit
849 3331 1093 3428 aliqua
1124 3331 1353 3405 totius
1394 3331 1653 3424 organi
1699 3330 2113 3404 resistentia
2151 3332 2301 3405 sive
2352 3334 2628 3407 reactio
2668 3358 2798 3431 per

734 3457 1017 3517 motum
1050 3444 1273 3539 ipsius
1308 3444 1565 3538 organi
1600 3443 1970 3516 internum
1996 3445 2429 3535 naturalem,
2464 3447 2548 3519 fit
2581 3471 2787 3544 prop-

733 3568 933 3631 terea
974 3558 1271 3631 conatui
1314 3557 1405 3629 ab
1453 3557 1744 3653 objecto
1799 3569 2105 3630 conatus
2156 3559 2249 3631 ab
2303 3583 2579 3655 organo
2622 3585 2797 3635 con-

731 3671 1039 3753 trarius;
1109 3681 1194 3742 ut
1257 3694 1423 3741 cum
1492 3682 1798 3743 conatus
1855 3670 1978 3743 ille
2036 3671 2131 3744 ad
2181 3670 2445 3745 intima
2502 3674 2797 3747 ultimus

733 3795 939 3856 actus
996 3784 1092 3855 sit
1145 3806 1395 3854 eorum
1447 3783 1573 3878 qui
1613 3784 1800 3856 fiunt
1848 3783 1949 3856 in*
1978 3795 2148 3856 actu
2201 3785 2577 3875 sensioniS,
2636 3799 2796 3860 tum

734 3895 1025 3968 demum
1061 3919 1152 3968 ex
1186 3919 1276 3968 ea
1317 3896 1690 3968 reactione
1739 3896 2164 3992 aliquandiu
2207 3897 2520 3973 durante
2560 3901 2797 3996 ipsum

734 4009 982 4081 existit
1030 4008 1508 4104 phantasma3
1563 4008 1765 4104 quod
1809 4020 2110 4106 propter
2161 4024 2508 4084 conatum
2545 4038 2797 4088 versus

737 4133 1059 4210 externa,
1107 4146 1392 4219 semper
1424 4122 1713 4195 videtur
1754 4123 2089 4216 (φαίνεται)
2132 4135 2480 4220 tanquam
2521 4127 2799 4224 aliquid

733 4235 951 4309 situm
991 4247 1199 4308 extra
1245 4260 1624 4333 organum.
1730 4236 2245 4320 Definitionem
2296 4263 2471 4335 ergo
2523 4242 2796 4316 sensio-

732 4348 868 4439 niS,
937 4373 1242 4446 eamque
1310 4375 1399 4423 ex
1467 4374 1848 4424 causarum
1926 4353 2080 4448 ejus
2160 4352 2642 4449 explicatione
2720 4368 2796 4429 et
