3182 5102
727 442 869 512 394
1574 459 1956 513 PanmA.

355 635 528 685 PARS
565 635 652 684 IV·
723 627 991 700 mirum
1034 627 1128 700 ab
1177 625 1440 701 elicitis
1486 652 1639 701 non
1686 627 1910 701 modo
1945 651 1988 700 e
2032 638 2256 716 terra,
2305 626 2437 700 sed
2486 626 2711 700 etiam
2760 651 2813 699 e

360 704 645 807 »ΞΕ-ν
721 740 1038 837 planetis
1072 741 1356 814 caeteris
1396 742 1818 837 vaporibus,
1871 752 1948 814 et
1978 752 2242 837 postea
2270 740 2350 813 in
2376 764 2607 813 unum
2639 764 2804 814 cor-

722 878 860 950 pus
886 853 1320 927 continuum
1339 855 1767 982 congelatis,
1791 854 1934 928 nisi
1959 878 2190 926 unum
2223 854 2550 927 obstaret
2574 854 2803 926 stellae

723 992 934 1041 novae
967 967 1045 1039 in
1067 968 1461 1064 Cassiopea
1496 968 1674 1040 visae
1690 967 2257 1063 phaenomenon.
2328 967 2522 1039 Nam
2547 966 2803 1039 caudae

723 1104 1044 1155 comaeve
1097 1081 1420 1155 rationes
1461 1082 1690 1177 probe
1738 1080 2107 1176 explicare
2141 1102 2451 1176 possem,
2506 1090 2581 1151 et
2612 1103 2804 1175 prae-

721 1206 924 1267 terea
967 1206 1323 1268 motuum.
1448 1194 1598 1268 Sed
1644 1218 1813 1267 cum
1869 1194 1997 1267 illa
2044 1194 2258 1266 stella
2304 1217 2436 1289 per
2482 1192 2804 1266 sedecim

721 1318 918 1380 totos
953 1332 1237 1382 menses
1291 1309 1370 1382 in
1422 1308 1685 1382 eodem
1719 1309 1882 1381 loco
1919 1308 2114 1382 inter
2144 1309 2328 1380 fixas
2375 1318 2802 1380 constanter

722 1420 1251 1516 perduraverit,
1285 1426 1673 1495 materiam
1706 1424 1865 1518 ejus
1903 1422 2218 1518 glaciem
2241 1421 2467 1494 fuisse
2502 1420 2800 1493 credere

722 1558 873 1607 non
926 1558 1246 1631 possum.
1357 1535 1964 1631 Disquisitionem
2029 1559 2205 1631 ergo
2261 1535 2353 1608 de
2406 1558 2627 1607 causa
2676 1558 2806 1607 co-

721 1658 1084 1721 metarum
1134 1648 1490 1722 intactam
1527 1648 1843 1745 posteris
1896 1648 2258 1744 relinquo.
2363 1648 2556 1720 Nam
2602 1647 2806 1743 quod

720 1761 813 1833 de
846 1761 1015 1851 illis,
1050 1772 1317 1857 praeter
1348 1761 1691 1834 historias
1737 1761 2001 1850 nudas»,
2053 1762 2413 1834 hactenus
2446 1760 2801 1856 scriptum

720 1885 946 1964 extat,
982 1872 1572 1948 consideratione
1608 1874 1914 1970 dignum
1946 1897 2097 1946 non
2132 1886 2267 1947 est.

426 1991 694 2105 ffssffmm
829 1995 941 2061 18.
1015 1987 1436 2060 Fluviorum
1513 1988 1833 2084 origines
1901 1988 1995 2060 ab
2060 2012 2253 2084 aqua
2316 1987 2618 2083 pluviali
2683 1987 2804 2060 vel

716 2098 1283 2197 liquescentibus
1333 2100 1623 2174 nivibus
1675 2100 2042 2190 facillime,
2093 2100 2390 2173 aliunde
2444 2101 2561 2173 vel
2613 2100 2810 2173 diffi-

719 2213 984 2287 cillime
1010 2212 1127 2286 vel
1153 2237 1304 2286 non
1326 2214 1628 2287 omnino
1655 2213 1922 2287 deduci
1943 2225 2274 2310 possunt.
2376 2213 2801 2287 Decurrunt

719 2326 917 2400 enim
948 2351 1081 2423 per
1129 2326 1440 2401 declivia
1481 2327 1844 2400 montium
1894 2350 2107 2422 aquae
2154 2326 2423 2423 pluviae
2470 2338 2549 2400 et
2598 2328 2803 2401 colli-

724 2451 963 2537 quatae
1029 2441 1281 2524 nives;
1363 2463 1527 2537 quae
1594 2441 1658 2515 si
1724 2464 1860 2536 per
1924 2441 2276 2514 extimam
2340 2440 2804 2536 superficiem

721 2555 991 2629 montis
1045 2555 1495 2644 deferantur,
1552 2555 1693 2652 ipsi
1737 2555 2007 2628 imbres
2041 2555 2158 2627 vel
2190 2555 2395 2627 nives
2426 2579 2562 2651 pro
2595 2554 2826 2627 fonte.

722 2669 1240 2743 censebuntur.
1357 2668 1486 2741 Sin
1553 2680 1829 2741 terram
1890 2668 2286 2741 subeuntes
2354 2668 2804 2748 descendant

721 2794 961 2873 tectae,
995 2793 1176 2855 tunc
1209 2781 1337 2855 ubi
1369 2782 1689 2878 primum
1715 2793 2133 2878 erumpunt,
2168 2782 2270 2855 ibi
2301 2782 2547 2855 fontes
2580 2794 2754 2854 sunt
2776 2813 2804 2863 ;

727 2921 820 2969 ex
886 2896 1150 2992 quibus
1215 2895 1456 2984 rivuli,
1526 2918 1618 2967 ex
1686 2895 1937 2967 rivulis
2005 2896 2543 2969 confluentibus
2610 2896 2801 2968 fiunt

722 3010 950 3083 fluvii.
1052 3009 1245 3082 Fons
1278 3020 1548 3097 autem,
1586 3009 1712 3105 qui
1753 3009 1985 3105 magis
2028 3010 2145 3082 vel
2186 3033 2396 3106 aeque
2447 3034 2493 3083 a
2543 3021 2798 3082 centro

721 3133 941 3196 terrae
1000 3133 1328 3196 remotus
1389 3133 1502 3196 est
1564 3147 1652 3195 ac
1718 3121 1859 3195 fuit
1923 3147 2116 3219 aqua
2176 3148 2340 3219 quae
2406 3124 2503 3197 ad
2559 3124 2798 3251 ipsum

721 3236 1042 3326 fluxerit,
1076 3246 1409 3331 repertus
1441 3259 1803 3331 nusquam
1854 3246 1987 3309 est.
2091 3236 2286 3309 Nam
2320 3237 2519 3333 quod
2551 3237 2798 3333 magni

722 3349 1036 3423 nominis
1115 3348 1596 3445 philosophus
1658 3348 1959 3444 quidam
2026 3349 2322 3445 objecit,
2390 3350 2468 3423 in
2536 3351 2798 3424 Monte

724 3461 1023 3535 Cenisio
1045 3485 1354 3551 summo,
1385 3462 1511 3557 qui
1533 3463 1755 3535 Mons
1776 3463 2219 3538 Sabaudiam
2245 3488 2291 3536 a
2317 3464 2797 3538 Pedemontio

723 3574 1212 3665 disterminat,
1247 3588 1597 3650 nascatur
1627 3576 1892 3650 fluvius
1928 3576 2052 3672 qui
2084 3600 2218 3671 per
2243 3577 2506 3650 Susam
2537 3576 2800 3650 decur-

720 3688 845 3778 rit,
880 3713 1034 3762 non
1069 3701 1185 3762 est
1202 3712 1482 3763 verum.
1585 3689 1781 3762 Nam
1806 3690 2031 3764 fluvio
2059 3690 2165 3762 illi
2190 3691 2536 3788 utrinque
2555 3702 2798 3764 astant

719 3813 1006 3876 montes
1044 3801 1319 3897 magni,
1358 3802 1578 3898 idque
1623 3825 1756 3897 per
1794 3801 1942 3875 duo
1992 3802 2219 3874 millia
2254 3827 2623 3899 passuum,
2671 3804 2798 3899 qui

719 3926 1008 3989 montes
1075 3915 1366 3988 nivibus
1425 3926 1782 4011 perpetuo
1845 3915 2002 3989 fere
2069 3916 2245 3990 tecti
2311 3929 2536 4002 sunt;
2598 3917 2797 3990 unde

719 4027 1186 4103 decurrentes
1240 4029 1456 4103 rivuli
1497 4029 2062 4104 innumerabiles
2107 4030 2333 4104 fluvio
2376 4055 2604 4126 aquas
2639 4055 2796 4102 ma-

718 4141 1004 4233 nifeste,
1032 4153 1108 4217 et
1139 4166 1275 4239 pro
1302 4141 1809 4239 magnitudine
1845 4144 2000 4238 ejus
2041 4142 2331 4216 abunde
2363 4144 2721 4239 praebent.
