3182 5102
782 432 929 499 210
1303 448 1410 499 ΒΕ
1451 448 1962 503 RA'rtonus
2000 450 2389 504 Mormm.

420 617 729 733 mnis-111.
784 612 1104 709 spatium
1138 614 1205 687 D
1229 613 1289 685 B
1312 615 1373 686 E
1399 614 1454 686 F
1480 615 1539 688 Ο
1572 627 1659 689 ut
1684 626 1730 690 2
1769 616 1866 690 ad
1907 626 1936 689 l
1976 648 1995 701 ;
2049 617 2113 690 si
2147 616 2541 713 triplicata,
2575 629 2661 689 ut
2688 626 2733 690 3
2756 621 2857 690 ad

442 753 710 790 -2-ae
803 737 828 799 l
865 758 883 810 ;
937 738 1014 799 et
1048 727 1154 799 sic
1184 727 1553 824 deinceps,

363 819 739 934 {Jffi‘ffddgffij
886 840 1192 913 LEMMA
1226 863 1279 913 1.
1336 841 1505 915 Qua
1570 842 1860 915 ratione
1926 842 2282 916 velocitas
2343 843 2600 938 puncti
2666 842 2858 915 moti

362 950 664 1064 ξἰῑξυῗξὲζῒ
786 965 1123 1049 augetur,
1198 954 1455 1026 eadem
1506 956 1796 1029 ratione
1857 967 2223 1052 augentur
2276 979 2567 1051 quoque
2618 957 2863 1052 spatia

786 1068 879 1139 ab
910 1090 997 1139 eo
1027 1066 1286 1140 iisdem
1318 1067 1435 1140 vel
1469 1069 1872 1165 aequalibus
1906 1070 2359 1165 temporibus
2386 1092 2755 1165 percursa.

888 1179 1196 1251 LEMMA
1228 1202 1317 1252 11.
1375 1179 1453 1251 Si
1502 1180 1697 1253 inter
1753 1180 1935 1254 duas
1989 1193 2229 1254 rectas
2291 1182 2865 1278 interponantur

790 1292 1048 1364 mediae
1084 1303 1243 1366 tum
1276 1292 1762 1366 arithmeticae
1818 1306 1978 1367 tum
2031 1295 2499 1390 geometricae
2549 1318 2863 1368 numero

788 1405 1119 1493 infinitae,
1153 1406 1269 1478 hae
1303 1418 1380 1479 et
1414 1406 1556 1479 illae
1590 1407 2100 1503 magnitudine
2135 1432 2285 1481 non
2323 1408 2690 1480 different.

891 1518 978 1590 In
1012 1517 1692 1613 parallelogrammo
1728 1519 1796 1591 A
1820 1519 1877 1590 B
1900 1519 1958 1591 Ο
1980 1519 2047 1592 D
2090 1520 2243 1615 (fig.
2288 1520 2356 1613 l)
2401 1519 2868 1616 concipiatur

790 1630 985 1703 latus
1034 1632 1101 1704 A
1125 1632 1185 1703 B
1237 1632 1518 1705 moveri
1568 1633 1667 1705 ad
1715 1632 1910 1704 latus
1947 1633 2005 1705 Ο
2029 1633 2095 1704 D
2129 1632 2518 1728 parallelos
2569 1644 2646 1705 et
2700 1656 2868 1706 mo-

793 1743 1032 1816 vendo
1046 1742 1468 1816 decrescere
1491 1743 1727 1817 donec
1752 1744 2051 1817 tandem
2073 1755 2464 1817 evanescat
2484 1745 2560 1817 in
2581 1758 2867 1840 puncto

797 1856 857 1928 Ο
885 1887 904 1939 ;
992 1867 1068 1927 et
1153 1881 1288 1952 per
1351 1856 1576 1929 talem
1642 1869 1926 1929 motum
2011 1857 2381 1954 descripta
2458 1858 2555 1930 sit
2621 1859 2870 1954 figura

794 1970 857 2041 A
886 1969 946 2041 B
966 1969 1027 2040 E
1054 1969 1107 2040 F
1136 1970 1216 2055 Ο,
1272 1970 1529 2043 relicto
1584 1970 2122 2066 complemento
2177 1970 2243 2043 D
2266 1970 2324 2042 Ο
2350 1970 2405 2042 F
2426 1971 2486 2042 E
2513 1971 2596 2059 B,
2651 1973 2868 2068 cujus

791 2081 988 2155 linea
1010 2081 1070 2153 B
1091 2082 1152 2153 E
1178 2082 1234 2153 F
1259 2082 1318 2154 C
1361 2083 1802 2156 describitur
1842 2107 1888 2155 a
1933 2083 2250 2156 termino
2281 2083 2341 2154 B
2370 2084 2869 2157 decrescentis

794 2195 862 2267 A
890 2195 973 2267 Β.
1035 2182 1038 2187 ’
1076 2194 1354 2267 Eodem
1391 2206 1640 2268 autem
1695 2206 2027 2291 tempore
2077 2195 2358 2268 moveri
2409 2194 2871 2291 intelligatur

792 2307 985 2380 latus
1014 2308 1081 2380 A
1105 2308 1164 2381 Ο
1199 2308 1294 2381 ad
1328 2309 1520 2382 latus
1558 2308 1619 2380 B
1649 2308 1740 2397 D,
1773 2308 2263 2381 uniformiter.
2350 2307 2603 2381 Potest
2635 2309 2871 2405 igitur

792 2421 1047 2493 haberi
1084 2422 1142 2494 Ο
1172 2422 1238 2493 D
1272 2445 1407 2518 pro
1443 2446 1790 2494 mensura
1823 2422 2198 2517 temporis,
2304 2421 2554 2494 Rectae
2589 2435 2867 2512 autem,

794 2535 934 2631 ipsi
971 2534 1029 2607 Ο
1052 2535 1118 2609 D
1152 2535 1543 2632 parallelae,
1573 2535 1988 2609 terminatae
2022 2535 2115 2608 ab
2144 2559 2295 2608 una
2316 2546 2528 2630 parte
2565 2535 2640 2608 in
2668 2535 2872 2610 linea

798 2649 858 2720 B
880 2649 940 2720 E
964 2649 1021 2721 F
1046 2650 1127 2738 Ο,
1181 2650 1273 2722 ab
1325 2650 1559 2723 altera
1589 2662 1803 2744 parte
1837 2649 1914 2721 in
1949 2661 2155 2722 recta
2204 2650 2271 2722 A
2297 2649 2384 2739 Ο,
2414 2662 2632 2722 erunt
2658 2673 2872 2722 men-

798 2784 986 2835 surae
1032 2763 1352 2858 partium
1411 2762 1789 2858 temporiS,
1850 2762 1927 2834 in
1991 2785 2135 2857 quo
2191 2763 2257 2834 A
2283 2762 2343 2833 B
2397 2776 2735 2836 movetur
2768 2764 2871 2837 ad

799 2875 858 2947 C
886 2876 952 2949 D
988 2888 1063 2949 et
1097 2877 1164 2949 A
1187 2876 1246 2949 Ο
1280 2877 1377 2949 ad
1411 2877 1471 2948 B
1500 2876 1589 2949 D.

897 2989 1245 3062 Sumatur
1273 2990 1428 3086 jam
1462 2988 1539 3061 in
1568 3000 1777 3060 recta
1798 2988 1856 3060 Ο
1878 2987 1945 3060 D
1973 2987 2358 3060 arbitrarie
2383 2999 2742 3084 punctum
2771 2989 2865 3079 Ο,

797 3101 1254 3199 ducaturque
1286 3103 1355 3175 Ο
1381 3102 1430 3175 S
1464 3100 1815 3197 parallela
1841 3100 2056 3173 lateri
2093 3101 2153 3173 B
2176 3101 2265 3190 D,
2303 3125 2561 3174 secans
2592 3101 2867 3175 lineam

798 3215 858 3287 B
880 3216 941 3287 E
971 3216 1028 3288 F
1049 3216 1107 3288 Ο
1141 3216 1217 3287 in
1239 3216 1300 3287 E
1322 3227 1398 3287 et
1424 3227 1706 3287 rectam
1740 3215 1807 3287 A
1831 3215 1891 3286 B
1913 3215 1986 3287 in
2019 3216 2092 3287 S.
2174 3215 2477 3303 RursuS,
2514 3238 2560 3286 a
2583 3227 2865 3310 puncto

801 3329 874 3403 Q
909 3340 1201 3425 sumpto
1238 3329 1315 3401 in
1365 3329 1423 3401 Ο
1447 3328 1513 3401 D
1549 3327 1645 3400 ad
1678 3327 1993 3416 libitum,
2030 3326 2343 3400 ducatur
2376 3326 2613 3400 eidem
2646 3326 2865 3400 lateri

797 3441 949 3515 BD
980 3441 1330 3537 parallela
1363 3441 1551 3529 QR,
1587 3463 1844 3513 secans
1880 3440 2187 3513 BEFC
2237 3440 2313 3512 in
2365 3440 2422 3512 F
2455 3451 2532 3512 et
2581 3439 2731 3512 AB
2784 3440 2864 3512 in

799 3554 887 3626 R.
991 3555 1377 3628 Ducantur
1458 3555 1682 3626 etiam
1755 3555 1815 3626 E
1839 3554 1925 3642 G,
2004 3555 2061 3625 F
2088 3555 2160 3626 H
2229 3553 2596 3649 parallelae
2683 3554 2742 3625 Ο
2768 3554 2862 3640 D,

796 3680 1131 3741 secantes
1183 3669 1250 3741 A
1280 3668 1339 3741 Ο
1388 3668 1465 3740 in
1500 3667 1564 3740 G
1598 3679 1673 3739 et
1710 3668 1807 3740 H.
1910 3667 2288 3740 Postremo
2343 3667 2536 3740 idem
2592 3692 2863 3762 suppo-

795 3793 1017 3854 natur
1050 3782 1327 3854 factum
1363 3803 1523 3852 esse
1556 3804 1690 3876 per
1724 3780 1971 3852 omnia
1996 3791 2275 3876 puncta
2304 3778 2519 3851 lineae
2545 3779 2839 3852 BEFC.

895 3895 1080 3968 Dico
1119 3897 1274 3992 jam
1322 3918 1482 3967 esse
1529 3905 1617 3966 ut
1671 3904 2154 3989 aggregatum
2209 3892 2537 3964 omnium
2588 3892 2862 3964 veloci-

796 4019 1058 4098 tatum,
1113 4008 1376 4103 quibus
1430 4007 1947 4080 describuntur
1997 4019 2217 4078 rectae
2271 4005 2444 4094 QF,
2490 4005 2554 4077 Ο
2577 4006 2661 4093 Ε,
2699 4006 2765 4077 D
2799 4005 2861 4078 B

797 4133 1228 4216 caeteraeque
1297 4144 1549 4194 omnes
1634 4119 1891 4192 eadem
1973 4117 2323 4191 methodo
2401 4118 2696 4214 genitae,
2763 4119 2864 4192 ad

796 4247 1278 4331 aggregatum
1336 4246 1754 4329 temporum
1816 4233 2367 4328 designatorum
2425 4254 2562 4326 per
2619 4244 2862 4306 rectas

799 4349 872 4421 H
904 4348 982 4439 F,
1019 4347 1084 4421 G
1110 4348 1194 4435 E,
1232 4347 1383 4419 AB
1431 4359 1507 4419 et
1562 4358 1892 4437 caeteraS‚
1941 4345 2048 4419 ita
2101 4344 2402 4441 planum
2455 4344 2521 4415 D
2552 4343 2860 4418 CFEB
