3182 5102
1107 485 1213 537 nn
1253 485 1684 539 Marnono.
2339 468 2429 547 77

361 672 510 722 non
594 661 988 745 propterea
1057 650 1257 747 quod
1324 651 1481 724 sine
1550 651 1809 747 figuris
1871 652 2142 725 veritas
2211 675 2434 748 quam
2500 657 2672 771 ΡΑῙέὃ
2709 658 2752 708 1·

360 764 919 859 praetendebant
951 788 1304 861 apparere
1331 789 1481 838 non
1507 776 1828 862 poterat,
1862 765 1995 838 sed
2028 764 2201 861 quia
2234 764 2436 838 nulla
2508 758 2753 829 *ἢέν

360 890 762 972 posuerant
827 877 1415 950 ratiocinationis
1468 901 1619 950 suae
1669 877 1999 974 legitima
2047 877 2433 974 principia,

363 1001 811 1086 quapropter
844 990 1047 1063 nulla
1081 1002 1195 1064 est
1242 990 1432 1062 ratio
1487 989 1666 1086 quin
1708 989 2123 1086 praepositis
2176 989 2432 1063 defini-

362 1104 688 1177 tionibus
756 1105 835 1176 in
905 1127 1347 1200 quocunque
1425 1103 1784 1176 doctrinae
1856 1125 2155 1198 genere,
2241 1126 2434 1176 verae

363 1216 647 1311 possint
682 1241 841 1290 esse
884 1216 1577 1290 demonstrationes,

471 1332 582 1411 17.
635 1330 1023 1426 Proprium
1077 1354 1254 1428 ergo
1309 1328 1961 1403 demonstrationis
1992 1327 2433 1403 methodicae
2457 1346 2779 1411 Pmprietate,

361 1453 476 1514 θεῖ
2456 1413 2753 1526 ἓεωρηέἒη-

479 1497 495 1514 ο
2498 1494 2602 1526 01113

466 1578 520 1627 1.
575 1555 681 1628 Ut
714 1555 952 1629 omnis
988 1554 1296 1628 rationis
1334 1554 1557 1628 series
1604 1555 1702 1629 sit
1733 1555 2087 1652 legitima,
2140 1555 2284 1628 hoc
2319 1566 2434 1628 est
2457 1543 2787 1658 ξξζζῗξὲξζ

360 1667 765 1740 secundum
800 1668 1393 1765 syllogismorum
1428 1669 1630 1764 leges
1665 1693 1888 1765 supra
1920 1669 2256 1742 traditas,

463 1803 554 1853 11.
591 1781 697 1854 Ut
718 1781 1175 1876 singulorum
1200 1781 1794 1877 syllogismorum
1812 1782 2210 1878 praemissae
2230 1781 2435 1877 prius

361 1894 884 1967 demonstratae
920 1894 1069 1967 sint
1103 1917 1332 1988 usque
1366 1918 1413 1966 a
1447 1894 1999 1967 definitionibus
2031 1894 2313 1990 primis,

462 2030 589 2080 111.
668 2007 774 2080 Ut
849 2005 1298 2104 procedatur
1376 2019 1548 2104 post
1632 2007 2098 2081 definitiones
2179 2006 2437 2081 eadem

357 2120 707 2194 methodo
760 2145 908 2217 qua
959 2120 1085 2216 qui
1136 2120 1378 2209 docet,
1430 2121 1593 2216 ipsa
1640 2144 1949 2216 quaeque
1997 2120 2433 2205 invenerat3

358 2257 622 2330 nempe
672 2245 759 2306 ut
807 2233 1048 2329 primo
1097 2233 1698 2306 demonstrentur
1732 2257 1820 2306 ea
1856 2256 2019 2328 quae
2055 2244 2230 2306 sunt
2262 2233 2437 2306 defi-

355 2347 765 2420 nitionibus
816 2346 1131 2419 maxime
1178 2346 1714 2420 universalibus
1764 2346 2102 2443 proxima
2145 2346 2253 2439 (in
2289 2371 2434 2442 quo

359 2460 784 2534 continetur
831 2483 1004 2557 pars
1053 2459 1539 2557 philosophiae
1589 2460 1717 2533 illa
1764 2484 1927 2556 quae
1971 2459 2437 2558 philosophia

357 2575 598 2670 prima
632 2573 931 2667 dicitur)
975 2573 1239 2647 deinde
1275 2598 1363 2647 ea
1397 2597 1561 2669 quae
1598 2575 2087 2649 demonstrari
2121 2587 2433 2671 possunt

356 2711 493 2783 per
521 2700 807 2761 motum
835 2688 1265 2784 simpliciter
1307 2688 1416 2781 (in
1445 2712 1591 2785 quo
1622 2688 1963 2762 consistit
1989 2688 2427 2784 geometria)

356 2812 529 2897 post
563 2800 1069 2897 geometriam,
1126 2824 1215 2873 ea
1269 2825 1432 2896 quae
1485 2800 1735 2874 doceri
1782 2813 2095 2897 possunt
2144 2824 2277 2897 per
2312 2826 2434 2874 ac-

358 2914 640 2987 tionem
697 2913 1186 3002 manifestam,
1251 2913 1327 2986 id
1381 2926 1518 3003 est,
1575 2937 1711 3009 per
1768 2912 2284 3008 impulsionem
2353 2925 2431 2986 et

360 3027 824 3100 tractionem.
914 3026 1095 3100 Inde
1129 3026 1227 3100 ad
1258 3039 1542 3100 motum
1575 3027 1900 3123 partium
1934 3026 2434 3117 invisibilium,

359 3140 513 3213 sive
544 3140 1059 3229 mutationem,
1104 3152 1181 3214 et
1214 3140 1311 3213 ad
1345 3139 1759 3213 doctrinam
1795 3164 2142 3213 sensuum
2175 3140 2434 3237 imagi-

359 3253 826 3349 nationisque
888 3253 1482 3328 descendendum
1534 3263 1672 3343 est,
1727 3264 1805 3327 et
1856 3253 1952 3326 ad
2010 3253 2434 3326 animalium

357 3366 734 3462 passiones
797 3365 1149 3456 internaS,
1218 3366 1632 3463 praesertim
1697 3389 1872 3439 vero
1940 3366 2286 3455 hominis,
2354 3366 2433 3440 in

359 3478 625 3574 quibus
679 3477 1155 3551 continentur
1203 3478 1687 3552 fundamenta
1736 3479 1975 3576 prima
2024 3479 2434 3552 officiorum

359 3592 511 3665 sive
573 3590 934 3664 doctrinae
996 3591 1228 3665 civilis
1292 3617 1456 3688 quae
1506 3591 1754 3665 locum
1805 3604 2014 3665 tenet
2062 3591 2428 3665 ultimum.

361 3703 582 3778 Quod
616 3715 868 3777 autem
916 3702 1273 3778 doctrinae
1307 3706 1671 3778 universae
1706 3705 1889 3779 ordo
1925 3705 1988 3778 is
2026 3728 2245 3800 quem
2280 3705 2433 3777 dixi

360 3840 519 3890 esse
579 3816 869 3907 debeat,
934 3842 1026 3891 ex
1079 3842 1167 3893 eo
1231 3819 1580 3916 cognosci
1639 3829 1934 3915 potest;
2017 3818 2217 3913 quod
2268 3842 2432 3913 quae

359 3931 768 4025 posteriore
847 3930 1012 4004 loco
1092 3931 1426 4005 docenda
1492 3955 1652 4005 esse
1721 3930 2054 4020 dicimus,
2133 3931 2276 4004 nisi
2341 3931 2432 4003 iis

359 4043 677 4140 cognitis
731 4067 893 4139 quae
944 4045 1188 4142 priore
1233 4046 1399 4119 loco
1453 4044 1847 4119 tractanda
1891 4054 2432 4140 proponuntur,

360 4154 850 4231 demonstrari
870 4181 1020 4231 non
1044 4171 1357 4254 possunt
1379 4190 1397 4243 ;
1437 4161 1646 4256 cujus
1667 4158 1998 4231 methodi
2019 4156 2432 4254 exemplum

355 4268 558 4344 aliud
624 4270 870 4343 afferri
936 4271 1195 4367 nequit
1259 4284 1532 4369 praeter
1599 4273 1833 4369 ipsam
1902 4271 2432 4345 elementorum
