3182 5102
686 468 823 532 118
1274 479 1835 538 PHILOSOPHIA
1877 477 2165 530 PRIMA.

351 657 526 708 PARS
549 656 625 707 11·
688 644 1361 720 Descendendum
1335 670 1490 741 Jam
1519 658 1713 718 esset
1742 645 1835 718 ad
1870 643 2283 717 accidentia
2313 642 2461 731 illa,
2491 640 2756 736 quibus

348 725 630 828 »ἑὲ-κ
682 782 912 833 unum
997 780 1263 853 corpus
1348 759 1440 830 ab
1525 758 1670 830 alio
1758 757 2262 852 distinguitur,
2344 755 2486 827 nisi
2554 753 2757 849 prius

685 870 1208 949 declarandum
1263 881 1479 960 esset,
1544 870 1724 967 quid
1785 870 1882 942 sit
1931 870 2172 966 ipsum
2225 866 2619 964 distingui,
2684 877 2762 938 et

683 1009 825 1057 nou
854 982 1249 1080 distingui,
1287 982 1635 1055 nimirum
1671 982 1850 1078 quid
1885 983 1981 1055 sit
2010 982 2203 1054 idem
2229 992 2305 1053 et
2333 980 2702 1052 diversum
2732 1006 2758 1060 ,-

685 1120 858 1170 nam
893 1096 1116 1168 etiam
1150 1095 1293 1168 hoc
1328 1095 1668 1169 omnibus
1724 1095 2156 1190 corporibus
2199 1116 2585 1166 commune
2622 1104 2758 1180 est,

685 1221 771 1282 ut
836 1231 1067 1280 unum
1136 1208 1229 1280 ab
1295 1206 1440 1280 alio
1502 1207 1882 1304 distingui,
1944 1207 2097 1280 sive
2166 1207 2534 1279 diversum
2604 1228 2761 1277 esse

687 1321 943 1418 possit.
1066 1319 1382 1392 Differre
1457 1334 1706 1392 autem
1783 1320 1979 1393 inter
2062 1344 2139 1393 se
2219 1319 2364 1391 duo
2452 1340 2764 1412 corpora

691 1434 1059 1522 dicuntur,
1097 1456 1264 1505 cum
1302 1431 1393 1504 de
1440 1456 1588 1506 uno
1639 1456 1893 1505 eorum
1946 1432 2217 1505 dicitur
2251 1430 2527 1528 aliquid
2564 1428 2763 1526 quod

692 1548 783 1620 de
818 1547 1052 1619 altero
1095 1544 1241 1618 dici
1267 1569 1420 1617 non
1445 1557 1696 1641 potest
1730 1545 1989 1618 eodem
2025 1557 2379 1641 tempore.

302 1656 666 1781 ξζῖξπξηεζῖ
791 1669 862 1733 2.
919 1658 1286 1755 Imprimis
1364 1669 1638 1747 autem,
1708 1658 1854 1731 duo
1944 1682 2256 1785 corpora
2336 1657 2531 1731 idem
2614 1679 2765 1728 non

304 1786 514 1844 tudine·
492 1783 668 1896 ’1)εοὶρᾶ
694 1796 853 1846 esse
888 1771 1362 1846 manifestum
1401 1783 1556 1855 est;
1614 1771 1976 1867 siquidem
2024 1772 2220 1844 enim
2276 1771 2421 1844 duo
2473 1771 2644 1859 sint,
2689 1770 2766 1841 in

305 1849 668 1914 ειεωωςωά
696 1886 981 1959 duobus
1048 1885 1229 1957 locis
1292 1896 1465 1957 sunt
1533 1884 1793 1958 eodem
1849 1897 2203 1982 tempore,
2262 1884 2461 1982 quod
2519 1895 2765 1956 autem

697 1999 891 2072 idem
969 2012 1107 2084 est,
1181 1996 1440 2070 eodem
1507 2008 1840 2092 tempore
1909 1998 1988 2070 in
2066 1999 2325 2071 eodem
2390 1998 2554 2070 loco
2629 2007 2765 2069 est.

699 2112 966 2186 Omnia
1026 2134 1203 2207 ergo
1268 2134 1579 2206 corpora
1635 2110 1997 2204 differunt
2053 2112 2250 2185 inter
2311 2135 2388 2184 se
2443 2133 2765 2198 numere,

698 2226 1046 2299 nimirum
1101 2236 1189 2296 ut
1242 2248 1473 2296 unum
1532 2234 1611 2296 et
1676 2223 2035 2309 alterum;
2097 2225 2205 2298 ita
2261 2237 2349 2298 ut
2415 2225 2633 2311 idem,
2694 2234 2770 2296 et

699 2360 994 2412 numero
1069 2335 1523 2430 differentia,
1599 2335 1749 2409 sint
1828 2337 2129 2411 nomina
2198 2338 2769 2411 contradictorie

704 2451 1064 2548 opposita.

803 2565 1172 2638 Differunt
1219 2575 1468 2636 autem
1520 2563 2054 2659 magnitudine,
2103 2590 2413 2662 quorum
2460 2566 2772 2638 alterum

704 2679 936 2751 altero
970 2678 1207 2773 majus
1242 2687 1376 2763 est,
1411 2687 1498 2748 ut
1532 2675 1861 2748 cubitale
1896 2688 1972 2748 et
2020 2676 2446 2767 bicubitale,
2503 2678 2775 2750 bilibre

706 2803 782 2864 et
817 2790 1139 2863 trilibre.
1245 2788 1385 2862 His
1420 2800 1897 2885 opponuntur
1930 2791 2281 2888 aequalia.

807 2904 995 2978 Quae
1063 2927 1239 2976 vero
1307 2901 1471 2998 plus
1539 2926 1762 2998 quam
1829 2904 2337 2999 magnitudine
2399 2905 2771 2993 diffenmt,

709 3016 1111 3090 dissimilia
1132 3044 1160 3099 ;
1215 3040 1378 3112 quae
1418 3016 1584 3112 plus
1623 3040 1841 3111 quam
1888 3017 2397 3113 magnitudine
2444 3043 2594 3091 non
2637 3016 2774 3089 dif-

706 3129 978 3218 ferunt,
1047 3128 1328 3201 similia
1397 3126 1544 3201 dici
1610 3129 1873 3202 solent.
1979 3129 2462 3204 Dissimilium
2528 3143 2777 3203 autem

706 3242 852 3316 alia
885 3242 1150 3338 specie,
1188 3241 1333 3314 alia
1372 3266 1645 3337 genere
1693 3242 1986 3316 differre
2041 3244 2410 3318 dicuntur.
2517 3245 2775 3341 Specie

708 3355 1029 3452 quidem,
1098 3354 1161 3427 si
1217 3354 1635 3429 differentia
1701 3380 1956 3429 eorum
2018 3357 2275 3431 eodem
2337 3382 2557 3431 sensu
2614 3383 2778 3455 per-

709 3468 1046 3564 cipiatur,
1110 3478 1197 3540 ut
1265 3466 1510 3539 album
1566 3480 1643 3541 et
1703 3470 2022 3568 nigrum.
2128 3470 2410 3544 Genere
2470 3496 2645 3546 vero
2716 3472 2778 3545 si

708 3580 1123 3654 differentia
1173 3603 1323 3652 non
1371 3581 1822 3677 percipiatur
1870 3583 2014 3656 nisi
2065 3585 2397 3659 sensibus
2446 3584 2778 3677 diversiS,

706 3706 792 3769 ut
825 3693 1071 3766 album
1107 3704 1182 3766 et
1216 3692 1562 3767 calidum.

318 3814 537 3936 35¹}ssssst
810 3816 878 3879 3.
934 3805 1279 3901 Corporis
1327 3818 1575 3879 autem
1632 3809 2132 3906 cujuscunque
2182 3834 2349 3883 cum
2403 3811 2547 3884 alio
2597 3835 2781 3908 quo-

320 3946 454 4003 mio,
477 3942 644 3994 relata.
710 3944 999 4016 cunque
1053 3943 1360 4016 corpore
1412 3921 1846 4013 similitudo,
1894 3924 2011 3996 vel
2059 3923 2615 4015 dis-similitude,
2666 3926 2782 3999 vel

710 4033 1137 4129 aequalitas,
1194 4033 1310 4106 vel
1364 4033 1872 4132 inaequalitas,
1927 4036 2202 4110 relatio
2254 4040 2412 4135 ejus
2464 4038 2780 4125 dicitur;

707 4157 934 4241 atque
980 4147 1140 4243 ipsa
1174 4171 1485 4244 corpora
1530 4162 1926 4247 propterea
1958 4151 2155 4224 inter
2202 4176 2280 4224 se
2325 4152 2579 4225 relata
2629 4153 2782 4227 sive

713 4259 1098 4331 correlata
1143 4262 1628 4357 appellantur.
1732 4265 2170 4338 Aristoteles
2211 4278 2431 4338 vocat
2483 4269 2559 4337 τὰ
2616 4268 2782 4359 πρὸς

712 4404 795 4460 τι,
870 4396 1180 4467 quorum
1232 4376 1550 4471 primum
1610 4379 2078 4460 antecedens,
2154 4380 2558 4453 secundum
2613 4404 2782 4453 cou-
