3182 5102
631 492 652 556 l
1176 511 1343 554 vrrAE
1376 510 1738 555 uonmmffi
1770 511 2184 557 Auci-amum.

633 702 955 768 nunquam
998 678 1396 759 audiverunt)
1431 678 1705 743 movebit
1748 677 2082 743 neminem.
2174 675 2368 742 Nulla
2409 701 2560 766 ergo
2603 691 2791 744 causa

635 831 729 881 est
756 831 828 879 ut
856 814 1101 901 publice
1130 836 1272 877 cum
1301 836 1373 877 eo
1396 813 1653 900 litigem.
1744 812 1967 900 Neque
1991 813 2041 876 si
2070 829 2245 890 esset,
2267 813 2551 879 facerem.
2647 814 2790 879 Scio

638 951 806 1038 apud
836 974 1048 1015 omnes
1078 965 1315 1036 gentes,
1347 972 1425 1012 ex
1456 950 1587 1035 ipsa
1628 950 1948 1013 civitatum
1993 964 2235 1026 natura,
2267 950 2504 1014 civibus
2533 948 2791 1036 singulis

639 1089 846 1153 datam
891 1112 1023 1153 esse
1051 1089 1357 1153 actionem
1389 1088 1778 1172 injuriarum,
1814 1086 2101 1173 Anglice‚
2150 1095 2191 1125 “
2218 1109 2300 1150 an
2329 1086 2531 1151 action
2579 1085 2651 1150 of
2684 1085 2792 1149 the

641 1226 836 1288 case.’'
924 1224 1047 1288 Dic
1090 1247 1239 1311 ergo
1283 1224 1420 1311 quis
1449 1240 1638 1299 actor,
1672 1224 1809 1310 quis
1853 1245 2012 1299 reus,
2063 1222 2200 1309 quis
2236 1222 2455 1307 judex,
2489 1246 2631 1310 quae
2674 1221 2795 1285 erit

643 1361 889 1446 injuriae
913 1359 1375 1447 compensatio?
1466 1361 1531 1424 Si
1562 1376 1734 1424 actor
1755 1383 1870 1446 ego
1894 1383 2050 1436 sum,
2077 1382 2218 1423 reus
2243 1374 2311 1422 tu
2332 1359 2496 1423 solus
2519 1360 2657 1436 eris,
2684 1360 2791 1445 qui

642 1496 790 1560 libri
818 1496 1003 1581 hujus
1031 1496 1258 1561 author
1298 1519 1383 1562 es,
1475 1496 1660 1561 Potes
1704 1496 1958 1583 quidem
1989 1511 2162 1559 actor
2191 1518 2321 1559 esse
2350 1509 2440 1573 tu,
2471 1518 2613 1559 reus
2643 1518 2794 1583 ergo

645 1634 765 1698 erit
810 1632 1101 1697 Decanus
1132 1632 1602 1709 AEdis-Christi,
1648 1633 1823 1717 cujus
1866 1630 2143 1707 arbitrio,
2193 1647 2447 1717 propter
2490 1646 2791 1717 sumptus,

645 1769 979 1833 editionem
1011 1770 1204 1833 nimia
1231 1770 1508 1835 bonitate
1537 1784 1646 1833 tua
1672 1767 2021 1855 permisisti.
2111 1767 2237 1830 Fac
2266 1783 2472 1831 autem
2522 1783 2794 1832 actorem

646 1931 777 1972 esse
815 1930 931 1984 me,
964 1922 1027 1971 et
1071 1907 1245 1971 illum
1289 1930 1485 1983 reum,
1518 1907 1703 1971 etiam
1749 1905 1996 1991 injuriae
2040 1904 2404 1969 damnatum
2426 1930 2444 1984 ;
2497 1907 2634 1993 quis
2678 1907 2797 1970 erit

648 2043 860 2106 damni
918 2039 1279 2106 estimator?
1366 2041 1598 2105 Nonne
1639 2038 1967 2104 duodecim
2010 2040 2147 2116 viri,
2191 2041 2388 2125 jurati
2435 2042 2688 2129 quidem
2734 2056 2799 2106 et

649 2177 901 2264 legaleS,
939 2177 1101 2241 adde
1140 2178 1345 2253 etiam,
1377 2175 1577 2241 boni?
1667 2177 1963 2240 Attamen
2007 2177 2170 2240 inter
2211 2176 2457 2255 damna,
2489 2178 2608 2241 nisi
2654 2201 2797 2265 quae

650 2313 914 2399 pecunia
931 2314 1223 2376 aestimari
1246 2313 1463 2390 solent,
1489 2314 1678 2377 verba
1695 2335 1821 2376 non
1841 2327 2192 2376 numerant.
2240 2313 2405 2377 Nam
2429 2313 2796 2379 scholarium

641 2449 853 2534 jurgia
904 2450 1068 2512 inter
1110 2472 1208 2513 res
1252 2451 1437 2514 serias
1481 2472 1621 2513 raro
1665 2450 1916 2514 habent.
2008 2448 2229 2536 Itaque
2273 2451 2499 2535 scripto
2549 2450 2799 2537 publico

657 2583 913 2648 ulterius
942 2608 1067 2649 non
1098 2587 1491 2651 contendam.
1583 2586 1971 2650 Testimonia
1994 2586 2247 2673 quidem
2270 2588 2610 2651 amicorum
2638 2610 2798 2654 amo.

657 2720 952 2784 Convicia
975 2721 1366 2785 inimicorum
1389 2721 1791 2807 parvipendo,
1843 2721 1944 2785 Ex
1964 2726 2464 2809 Antiquitatibus
2488 2729 2804 2790 oxonien-

649 2859 820 2922 sibus
867 2878 1095 2919 nomen
1146 2879 1374 2934 meum,
1424 2858 1472 2921 si
1519 2857 1690 2935 libet,
1745 2859 2000 2922 omnino
2045 2875 2454 2947 expungant;
2500 2861 2803 2926 laudabor

658 3007 863 3056 tamen
886 3015 925 3056 a
945 2992 1217 3056 maxima
1237 3009 1414 3079 parte
1441 2994 1935 3058 academicorum
1959 2995 2067 3081 qui
2097 3018 2265 3061 nunc
2294 3011 2458 3075 sunt,
2483 3000 2804 3087 magisque

657 3129 877 3215 opinor
922 3129 1002 3193 ab
1048 3128 1120 3191 iis
1169 3129 1275 3215 qui
1320 3150 1522 3192 erunt.
1616 3129 1930 3194 Praeterea
1971 3130 2210 3194 homini
2253 3133 2385 3196 seni
2428 3133 2802 3200 offensarum

660 3264 839 3327 venia
881 3264 1091 3328 utilior
1134 3280 1244 3341 est,
1295 3286 1482 3350 quam
1527 3264 1700 3330 ultio.
1791 3265 1942 3329 Tibi
1972 3289 2137 3344 vero,
2170 3268 2220 3330 si
2251 3269 2406 3332 tanti
2451 3284 2562 3347 est,
2594 3271 2805 3334 existi·-

659 3401 996 3464 mationem
1040 3415 1209 3464 tuam
1253 3415 1317 3464 et
1346 3401 1664 3465 veritatem
1709 3401 1984 3467 historiae
2026 3404 2360 3481 vindicare,
2389 3428 2514 3468 non
2563 3419 2803 3469 tantum

659 3535 822 3612 licet,
854 3536 962 3601 sed
1010 3537 1196 3601 etiam
1235 3536 1531 3601 laudibile
1570 3551 1680 3602 est.
1770 3537 1856 3602 Et
1898 3539 2203 3626 siquidem
2243 3541 2329 3604 ita
2369 3542 2480 3605 tibi
2511 3541 2806 3627 expedire

661 3672 861 3735 visum
888 3672 1093 3749 fuerit,
1117 3675 1346 3760 poteris
1375 3673 1696 3760 epistolam
1723 3674 1886 3740 hanc
1907 3698 2110 3740 meam
2141 3678 2511 3765 quibuscum
2541 3678 2806 3744 volueris

662 3809 1135 3872 communicare.
1229 3809 1296 3873 Si
1324 3809 1494 3896 quod
1522 3809 1693 3873 aliud
1722 3811 2042 3875 consilium
2070 3813 2132 3875 in
2153 3813 2312 3878 hanc
2331 3837 2462 3878 rem
2488 3815 2801 3893 invenem,

662 3959 997 4030 antequam
1038 3944 1138 4009 hae
1166 3944 1364 4009 literae
1397 3944 1718 4010 tabellario
1761 3946 1872 4010 tibi
1904 3945 2290 4032 perferendae
2315 3951 2802 4029 committantur,

658 4080 966 4170 inclusum
996 4081 1251 4146 habebis
1280 4083 1423 4168 ipsis
1451 4082 1661 4147 literis,
1751 4083 1928 4147 Vale.

748 4221 1043 4295 Londim',
1075 4223 1262 4304 April
1293 4220 1397 4299 20,
1431 4222 1613 4285 1674.
1808 4219 2390 4296 Τυυε,-ΤΗοΜΛ3
2425 4221 2761 4287 ΗοΒΒΕε.”
