<?xml version="1.0" encoding="UTF-8"?>
<!DOCTYPE html PUBLIC "-//W3C//DTD XHTML 1.0 Transitional//EN"
    "http://www.w3.org/TR/xhtml1/DTD/xhtml1-transitional.dtd">
<html xmlns="http://www.w3.org/1999/xhtml" xml:lang="en" lang="en">
 <head>
  <title>
</title>
<meta http-equiv="Content-Type" content="text/html;charset=utf-8" />
  <meta name='ocr-system' content='tesseract 3.04.00' />
  <meta name='ocr-capabilities' content='ocr_page ocr_carea ocr_par ocr_line ocrx_word'/>
</head>
<body>
  <div class='ocr_page' id='page_1' title='image "./thomhobbesmalme03molegoog_0592.png"; bbox 0 0 3182 5102; ppageno 0'>
   <div class='ocr_carea' id='block_1_1' title="bbox 788 429 2017 500">
    <p class='ocr_par' dir='ltr' id='par_1_1' title="bbox 788 429 2017 500">
     <span class='ocr_line' id='line_1_1' title="bbox 788 429 2017 500; baseline 0.006 -7"><span class='ocrx_word' id='word_1_1' title='bbox 788 429 932 494; x_wconf 82' lang='lat'><strong>426</strong></span> <span class='ocrx_word' id='word_1_2' title='bbox 1472 493 1477 498; x_wconf 85' lang='grc'><strong>,</strong></span> <span class='ocrx_word' id='word_1_3' title='bbox 1637 446 1742 498; x_wconf 75' lang='grc' dir='ltr'><strong>ΡΗ</strong></span> <span class='ocrx_word' id='word_1_4' title='bbox 1759 448 2017 500; x_wconf 69' lang='grc' dir='ltr'><strong>ϊειοᾼ.</strong></span> 
     </span>
    </p>
   </div>
   <div class='ocr_carea' id='block_1_2' title="bbox 414 610 2869 727">
    <p class='ocr_par' dir='ltr' id='par_1_2' title="bbox 414 610 2869 727">
     <span class='ocr_line' id='line_1_2' title="bbox 414 610 2869 727; baseline 0.006 -50"><span class='ocrx_word' id='word_1_5' title='bbox 414 614 605 727; x_wconf 36' lang='grc' dir='ltr'><strong>ΡΑῐέἓ.</strong></span> <span class='ocrx_word' id='word_1_6' title='bbox 628 614 715 664; x_wconf 74' lang='lat' dir='ltr'><strong>IV·</strong></span> <span class='ocrx_word' id='word_1_7' title='bbox 785 622 957 707; x_wconf 87' lang='lat' dir='ltr'><strong>post</strong></span> <span class='ocrx_word' id='word_1_8' title='bbox 1001 610 1255 700; x_wconf 85' lang='lat' dir='ltr'><strong>videri,</strong></span> <span class='ocrx_word' id='word_1_9' title='bbox 1293 612 1625 687; x_wconf 87' lang='lat' dir='ltr'><strong>extincta</strong></span> <span class='ocrx_word' id='word_1_10' title='bbox 1657 612 1844 703; x_wconf 86' lang='lat' dir='ltr'><strong>luce,</strong></span> <span class='ocrx_word' id='word_1_11' title='bbox 1893 615 2262 703; x_wconf 86' lang='lat' dir='ltr'><strong>desinunt,</strong></span> <span class='ocrx_word' id='word_1_12' title='bbox 2298 616 2631 689; x_wconf 88' lang='lat' dir='ltr'><strong>similiter</strong></span> <span class='ocrx_word' id='word_1_13' title='bbox 2661 641 2757 690; x_wconf 87' lang='lat' dir='ltr'><strong>ac</strong></span> <span class='ocrx_word' id='word_1_14' title='bbox 2785 618 2869 691; x_wconf 87' lang='lat' dir='ltr'><strong>in</strong></span> 
     </span>
    </p>
   </div>
   <div class='ocr_carea' id='block_1_3' title="bbox 362 724 2866 4445">
    <p class='ocr_par' dir='ltr' id='par_1_3' title="bbox 362 724 2866 1277">
     <span class='ocr_line' id='line_1_3' title="bbox 418 724 2866 820; baseline 0.003 -25"><span class='ocrx_word' id='word_1_15' title='bbox 418 750 701 784; x_wconf 43' lang='grc' dir='ltr'><strong>»Ὓ-α</strong></span> <span class='ocrx_word' id='word_1_16' title='bbox 785 747 996 820; x_wconf 90' lang='lat' dir='ltr'><strong>aqua.</strong></span> <span class='ocrx_word' id='word_1_17' title='bbox 1070 724 1435 798; x_wconf 77' lang='lat' dir='ltr'><strong>Caeterum</strong></span> <span class='ocrx_word' id='word_1_18' title='bbox 1470 727 1532 798; x_wconf 91' lang='lat' dir='ltr'><strong>si</strong></span> <span class='ocrx_word' id='word_1_19' title='bbox 1569 728 1921 801; x_wconf 89' lang='lat' dir='ltr'><strong>craticula</strong></span> <span class='ocrx_word' id='word_1_20' title='bbox 1954 731 2380 803; x_wconf 78' lang='lat' dir='ltr'><strong>extrahatur</strong></span> <span class='ocrx_word' id='word_1_21' title='bbox 2409 730 2866 803; x_wconf 82' lang='lat' dir='ltr'><strong>carbonibus</strong></span> 
     </span>
     <span class='ocr_line' id='line_1_4' title="bbox 363 815 2861 946; baseline 0.003 -37"><span class='ocrx_word' id='word_1_22' title='bbox 363 815 573 944; x_wconf 52' lang='lat'><strong>{1123}</strong></span> <span class='ocrx_word' id='word_1_23' title='bbox 591 828 760 946; x_wconf 60' lang='grc' dir='ltr'><strong>’ξξζζξ</strong></span> <span class='ocrx_word' id='word_1_24' title='bbox 783 837 1021 909; x_wconf 83' lang='lat' dir='ltr'><strong>adhuc</strong></span> <span class='ocrx_word' id='word_1_25' title='bbox 1065 838 1277 911; x_wconf 89' lang='lat' dir='ltr'><strong>valde</strong></span> <span class='ocrx_word' id='word_1_26' title='bbox 1333 840 1760 931; x_wconf 84' lang='lat' dir='ltr'><strong>calentibuS,</strong></span> <span class='ocrx_word' id='word_1_27' title='bbox 1815 843 2169 937; x_wconf 87' lang='lat' dir='ltr'><strong>paulatim</strong></span> <span class='ocrx_word' id='word_1_28' title='bbox 2218 841 2725 916; x_wconf 83' lang='lat' dir='ltr'><strong>accenduntur</strong></span> <span class='ocrx_word' id='word_1_29' title='bbox 2775 856 2861 916; x_wconf 86' lang='lat' dir='ltr'><strong>et</strong></span> 
     </span>
     <span class='ocr_line' id='line_1_5' title="bbox 362 949 2858 1062; baseline 0.002 -40"><span class='ocrx_word' id='word_1_30' title='bbox 362 952 759 1062; x_wconf 42' lang='grc' dir='ltr'><strong>ζζξωξζέζῑξζὶ.</strong></span> <span class='ocrx_word' id='word_1_31' title='bbox 782 949 1134 1024; x_wconf 85' lang='lat' dir='ltr'>relucent.</span> <span class='ocrx_word' id='word_1_32' title='bbox 1238 952 1324 1024; x_wconf 92' lang='lat' dir='ltr'><strong>In</strong></span> <span class='ocrx_word' id='word_1_33' title='bbox 1351 953 1495 1026; x_wconf 92' lang='lat' dir='ltr'><strong>hoc</strong></span> <span class='ocrx_word' id='word_1_34' title='bbox 1522 953 1818 1049; x_wconf 88' lang='lat' dir='ltr'><strong>quidem</strong></span> <span class='ocrx_word' id='word_1_35' title='bbox 1852 980 1897 1027; x_wconf 90' lang='lat' dir='ltr'><strong>a</strong></span> <span class='ocrx_word' id='word_1_36' title='bbox 1924 956 2397 1030; x_wconf 84' lang='lat' dir='ltr'><strong>similitudine</strong></span> <span class='ocrx_word' id='word_1_37' title='bbox 2430 980 2638 1051; x_wconf 81' lang='lat' dir='ltr'><strong>aquae</strong></span> <span class='ocrx_word' id='word_1_38' title='bbox 2661 981 2858 1029; x_wconf 88' lang='lat' dir='ltr'><strong>non-</strong></span> 
     </span>
     <span class='ocr_line' id='line_1_6' title="bbox 363 1061 2850 1156; baseline 0.007 -34"><span class='ocrx_word' id='word_1_39' title='bbox 363 1090 423 1152; x_wconf 68' lang='lat'><strong>231</strong></span> <span class='ocrx_word' id='word_1_40' title='bbox 445 1078 504 1124; x_wconf 68' lang='lat' dir='ltr'><strong>ab</strong></span> <span class='ocrx_word' id='word_1_41' title='bbox 524 1093 633 1125; x_wconf 65' lang='lat' dir='ltr'><strong>am</strong></span> <span class='ocrx_word' id='word_1_42' title='bbox 655 1079 752 1127; x_wconf 75' lang='lat' dir='ltr'><strong>di·—</strong></span> <span class='ocrx_word' id='word_1_43' title='bbox 781 1061 964 1134; x_wconf 90' lang='lat' dir='ltr'><strong>nihil</strong></span> <span class='ocrx_word' id='word_1_44' title='bbox 1000 1063 1401 1137; x_wconf 86' lang='lat' dir='ltr'><strong>disceditur</strong></span> <span class='ocrx_word' id='word_1_45' title='bbox 1428 1097 1447 1148; x_wconf 89' lang='lat'>;</span> <span class='ocrx_word' id='word_1_46' title='bbox 1500 1090 1672 1138; x_wconf 88' lang='lat' dir='ltr'><strong>nam</strong></span> <span class='ocrx_word' id='word_1_47' title='bbox 1724 1068 2032 1141; x_wconf 89' lang='lat' dir='ltr'><strong>materia</strong></span> <span class='ocrx_word' id='word_1_48' title='bbox 2064 1069 2225 1142; x_wconf 80' lang='lat' dir='ltr'><strong>haec</strong></span> <span class='ocrx_word' id='word_1_49' title='bbox 2258 1093 2408 1143; x_wconf 89' lang='lat' dir='ltr'><strong>non</strong></span> <span class='ocrx_word' id='word_1_50' title='bbox 2443 1069 2850 1156; x_wconf 81' lang='lat' dir='ltr'><strong>humectat,</strong></span> 
     </span>
     <span class='ocr_line' id='line_1_7' title="bbox 364 1143 2853 1277; baseline 0.002 -29"><span class='ocrx_word' id='word_1_51' title='bbox 364 1143 698 1229; x_wconf 53' lang='lat' dir='ltr'>‘mmmm‘</span> <span class='ocrx_word' id='word_1_52' title='bbox 777 1176 1180 1272; x_wconf 83' lang='lat' dir='ltr'><strong>mersisque</strong></span> <span class='ocrx_word' id='word_1_53' title='bbox 1239 1177 1696 1267; x_wconf 65' lang='lat' dir='ltr'><strong>adhaerescit,</strong></span> <span class='ocrx_word' id='word_1_54' title='bbox 1756 1181 1946 1254; x_wconf 92' lang='lat' dir='ltr'><strong>sicut</strong></span> <span class='ocrx_word' id='word_1_55' title='bbox 1996 1205 2212 1277; x_wconf 89' lang='lat' dir='ltr'><strong>aqua,</strong></span> <span class='ocrx_word' id='word_1_56' title='bbox 2285 1205 2450 1276; x_wconf 85' lang='lat' dir='ltr'><strong>quae</strong></span> <span class='ocrx_word' id='word_1_57' title='bbox 2506 1205 2853 1253; x_wconf 86' lang='lat' dir='ltr'><strong>reaccen-</strong></span> 
     </span>
    </p>

    <p class='ocr_par' dir='ltr' id='par_1_4' title="bbox 777 1287 1951 1388">
     <span class='ocr_line' id='line_1_8' title="bbox 777 1287 1951 1388; baseline 0.005 -28"><span class='ocrx_word' id='word_1_58' title='bbox 777 1287 1059 1362; x_wconf 90' lang='lat' dir='ltr'><strong>sionem</strong></span> <span class='ocrx_word' id='word_1_59' title='bbox 1092 1290 1585 1366; x_wconf 83' lang='lat' dir='ltr'><strong>humectando</strong></span> <span class='ocrx_word' id='word_1_60' title='bbox 1621 1293 1951 1388; x_wconf 88' lang='lat' dir='ltr'><strong>impedit.</strong></span> 
     </span>
    </p>

    <p class='ocr_par' dir='ltr' id='par_1_5' title="bbox 751 1402 2848 4445">
     <span class='ocr_line' id='line_1_9' title="bbox 878 1402 2847 1492; baseline 0.003 -19"><span class='ocrx_word' id='word_1_61' title='bbox 878 1402 1066 1475; x_wconf 86' lang='lat' dir='ltr'><strong>Item</strong></span> <span class='ocrx_word' id='word_1_62' title='bbox 1113 1404 1174 1476; x_wconf 89' lang='lat' dir='ltr'><strong>si</strong></span> <span class='ocrx_word' id='word_1_63' title='bbox 1217 1404 1314 1478; x_wconf 90' lang='lat' dir='ltr'><strong>ad</strong></span> <span class='ocrx_word' id='word_1_64' title='bbox 1364 1405 1681 1478; x_wconf 87' lang='lat' dir='ltr'><strong>eundem</strong></span> <span class='ocrx_word' id='word_1_65' title='bbox 1723 1406 1968 1479; x_wconf 92' lang='lat' dir='ltr'><strong>locum</strong></span> <span class='ocrx_word' id='word_1_66' title='bbox 2021 1407 2081 1479; x_wconf 90' lang='lat' dir='ltr'>C</span> <span class='ocrx_word' id='word_1_67' title='bbox 2134 1405 2568 1478; x_wconf 84' lang='lat' dir='ltr'><strong>demittatur</strong></span> <span class='ocrx_word' id='word_1_68' title='bbox 2600 1404 2847 1492; x_wconf 91' lang='lat' dir='ltr'><strong>homo,</strong></span> 
     </span>
     <span class='ocr_line' id='line_1_10' title="bbox 772 1517 2848 1612; baseline 0.002 -26"><span class='ocrx_word' id='word_1_69' title='bbox 772 1517 1180 1612; x_wconf 83' lang='lat' dir='ltr'><strong>respirandi</strong></span> <span class='ocrx_word' id='word_1_70' title='bbox 1215 1518 1507 1612; x_wconf 88' lang='lat' dir='ltr'><strong>quidem</strong></span> <span class='ocrx_word' id='word_1_71' title='bbox 1544 1518 2045 1593; x_wconf 89' lang='lat' dir='ltr'><strong>difficultatem</strong></span> <span class='ocrx_word' id='word_1_72' title='bbox 2081 1518 2351 1607; x_wconf 86' lang='lat' dir='ltr'><strong>statim,</strong></span> <span class='ocrx_word' id='word_1_73' title='bbox 2405 1542 2576 1590; x_wconf 86' lang='lat' dir='ltr'><strong>mox</strong></span> <span class='ocrx_word' id='word_1_74' title='bbox 2600 1529 2848 1590; x_wconf 87' lang='lat' dir='ltr'><strong>autem</strong></span> 
     </span>
     <span class='ocr_line' id='line_1_11' title="bbox 774 1628 2846 1727; baseline 0.002 -28"><span class='ocrx_word' id='word_1_75' title='bbox 774 1640 849 1699; x_wconf 92' lang='lat' dir='ltr'><strong>et</strong></span> <span class='ocrx_word' id='word_1_76' title='bbox 883 1628 1281 1726; x_wconf 90' lang='lat' dir='ltr'><strong>deliquium</strong></span> <span class='ocrx_word' id='word_1_77' title='bbox 1315 1632 1615 1727; x_wconf 86' lang='lat' dir='ltr'><strong>patitur,</strong></span> <span class='ocrx_word' id='word_1_78' title='bbox 1652 1644 1728 1706; x_wconf 92' lang='lat' dir='ltr'><strong>et</strong></span> <span class='ocrx_word' id='word_1_79' title='bbox 1762 1634 1903 1707; x_wconf 91' lang='lat' dir='ltr'><strong>nisi</strong></span> <span class='ocrx_word' id='word_1_80' title='bbox 1939 1634 2086 1705; x_wconf 90' lang='lat' dir='ltr'><strong>cito</strong></span> <span class='ocrx_word' id='word_1_81' title='bbox 2122 1631 2570 1719; x_wconf 75' lang='lat' dir='ltr'><strong>extrahatur,</strong></span> <span class='ocrx_word' id='word_1_82' title='bbox 2621 1632 2846 1704; x_wconf 90' lang='lat' dir='ltr'><strong>mori-</strong></span> 
     </span>
     <span class='ocr_line' id='line_1_12' title="bbox 774 1742 2848 1841; baseline 0.001 -28"><span class='ocrx_word' id='word_1_83' title='bbox 774 1751 916 1814; x_wconf 91' lang='lat' dir='ltr'><strong>tur.</strong></span> <span class='ocrx_word' id='word_1_84' title='bbox 1022 1744 1254 1817; x_wconf 90' lang='lat' dir='ltr'><strong>Moris</strong></span> <span class='ocrx_word' id='word_1_85' title='bbox 1306 1769 1481 1841; x_wconf 88' lang='lat' dir='ltr'><strong>ergo</strong></span> <span class='ocrx_word' id='word_1_86' title='bbox 1537 1758 1650 1818; x_wconf 91' lang='lat' dir='ltr'><strong>est</strong></span> <span class='ocrx_word' id='word_1_87' title='bbox 1706 1746 1818 1833; x_wconf 84' lang='lat' dir='ltr'><strong>iis,</strong></span> <span class='ocrx_word' id='word_1_88' title='bbox 1881 1746 2006 1840; x_wconf 90' lang='lat' dir='ltr'><strong>qui</strong></span> <span class='ocrx_word' id='word_1_89' title='bbox 2062 1743 2541 1831; x_wconf 87' lang='lat' dir='ltr'><strong>descendunt,</strong></span> <span class='ocrx_word' id='word_1_90' title='bbox 2596 1742 2848 1816; x_wconf 87' lang='lat' dir='ltr'><strong>simul·</strong></span> 
     </span>
     <span class='ocr_line' id='line_1_13' title="bbox 774 1857 2847 1954; baseline 0.001 -27"><span class='ocrx_word' id='word_1_91' title='bbox 774 1865 993 1950; x_wconf 88' lang='lat' dir='ltr'><strong>atque</strong></span> <span class='ocrx_word' id='word_1_92' title='bbox 1048 1858 1558 1953; x_wconf 74' lang='lat' dir='ltr'><strong>aegritudinem</strong></span> <span class='ocrx_word' id='word_1_93' title='bbox 1611 1859 1923 1954; x_wconf 77' lang='lat' dir='ltr'><strong>primam</strong></span> <span class='ocrx_word' id='word_1_94' title='bbox 1985 1859 2331 1946; x_wconf 85' lang='lat' dir='ltr'><strong>sentiant,</strong></span> <span class='ocrx_word' id='word_1_95' title='bbox 2387 1857 2638 1930; x_wconf 82' lang='lat' dir='ltr'><strong>funem</strong></span> <span class='ocrx_word' id='word_1_96' title='bbox 2695 1881 2847 1951; x_wconf 93' lang='lat' dir='ltr'><strong>quo</strong></span> 
     </span>
     <span class='ocr_line' id='line_1_14' title="bbox 775 1967 2846 2066; baseline 0.001 -27"><span class='ocrx_word' id='word_1_97' title='bbox 775 1967 1259 2042; x_wconf 85' lang='lat' dir='ltr'><strong>demittuntur</strong></span> <span class='ocrx_word' id='word_1_98' title='bbox 1309 1972 1675 2058; x_wconf 90' lang='lat' dir='ltr'><strong>motitare,</strong></span> <span class='ocrx_word' id='word_1_99' title='bbox 1729 1971 2021 2066; x_wconf 86' lang='lat' dir='ltr'><strong>signum</strong></span> <span class='ocrx_word' id='word_1_100' title='bbox 2072 1969 2551 2066; x_wconf 76' lang='lat' dir='ltr'><strong>aegritudiniS,</strong></span> <span class='ocrx_word' id='word_1_101' title='bbox 2601 1979 2685 2041; x_wconf 93' lang='lat' dir='ltr'><strong>ut</strong></span> <span class='ocrx_word' id='word_1_102' title='bbox 2714 1993 2846 2041; x_wconf 81' lang='lat' dir='ltr'><strong>ex-</strong></span> 
     </span>
     <span class='ocr_line' id='line_1_15' title="bbox 772 2082 2848 2180; baseline -0.001 -26"><span class='ocrx_word' id='word_1_103' title='bbox 772 2082 1180 2154; x_wconf 82' lang='lat' dir='ltr'><strong>trahantur.</strong></span> <span class='ocrx_word' id='word_1_104' title='bbox 1287 2083 1534 2156; x_wconf 86' lang='lat' dir='ltr'><strong>Serius</strong></span> <span class='ocrx_word' id='word_1_105' title='bbox 1571 2108 1792 2179; x_wconf 91' lang='lat' dir='ltr'><strong>quam</strong></span> <span class='ocrx_word' id='word_1_106' title='bbox 1845 2083 2220 2180; x_wconf 88' lang='lat' dir='ltr'><strong>opportuit</strong></span> <span class='ocrx_word' id='word_1_107' title='bbox 2253 2082 2588 2170; x_wconf 82' lang='lat' dir='ltr'><strong>extracti,</strong></span> <span class='ocrx_word' id='word_1_108' title='bbox 2638 2094 2711 2153; x_wconf 87' lang='lat' dir='ltr'><strong>et</strong></span> <span class='ocrx_word' id='word_1_109' title='bbox 2743 2082 2848 2153; x_wconf 91' lang='lat' dir='ltr'><strong>ob</strong></span> 
     </span>
     <span class='ocr_line' id='line_1_16' title="bbox 772 2194 2847 2292; baseline -0.001 -26"><span class='ocrx_word' id='word_1_110' title='bbox 772 2218 933 2267; x_wconf 91' lang='lat' dir='ltr'><strong>eam</strong></span> <span class='ocrx_word' id='word_1_111' title='bbox 970 2219 1262 2268; x_wconf 87' lang='lat' dir='ltr'><strong>causam</strong></span> <span class='ocrx_word' id='word_1_112' title='bbox 1297 2220 1514 2268; x_wconf 84' lang='lat' dir='ltr'><strong>sensu</strong></span> <span class='ocrx_word' id='word_1_113' title='bbox 1547 2207 1897 2292; x_wconf 90' lang='lat' dir='ltr'><strong>motuque</strong></span> <span class='ocrx_word' id='word_1_114' title='bbox 1934 2195 2248 2269; x_wconf 89' lang='lat' dir='ltr'><strong>carentis</strong></span> <span class='ocrx_word' id='word_1_115' title='bbox 2286 2219 2368 2268; x_wconf 90' lang='lat' dir='ltr'><strong>os</strong></span> <span class='ocrx_word' id='word_1_116' title='bbox 2415 2217 2728 2290; x_wconf 91' lang='lat' dir='ltr'><strong>pronum</strong></span> <span class='ocrx_word' id='word_1_117' title='bbox 2763 2194 2847 2265; x_wconf 88' lang='lat' dir='ltr'><strong>in</strong></span> 
     </span>
     <span class='ocr_line' id='line_1_17' title="bbox 770 2305 2845 2403; baseline -0.001 -24"><span class='ocrx_word' id='word_1_118' title='bbox 770 2319 1063 2398; x_wconf 88' lang='lat' dir='ltr'><strong>terram,</strong></span> <span class='ocrx_word' id='word_1_119' title='bbox 1101 2320 1356 2381; x_wconf 86' lang='lat' dir='ltr'><strong>execto</strong></span> <span class='ocrx_word' id='word_1_120' title='bbox 1392 2310 1693 2403; x_wconf 84' lang='lat' dir='ltr'><strong>cespite,</strong></span> <span class='ocrx_word' id='word_1_121' title='bbox 1743 2319 2111 2381; x_wconf 92' lang='lat' dir='ltr'><strong>recentem</strong></span> <span class='ocrx_word' id='word_1_122' title='bbox 2163 2308 2617 2388; x_wconf 87' lang='lat' dir='ltr'><strong>immittunt;</strong></span> <span class='ocrx_word' id='word_1_123' title='bbox 2670 2305 2845 2377; x_wconf 90' lang='lat' dir='ltr'><strong>inde</strong></span> 
     </span>
     <span class='ocr_line' id='line_1_18' title="bbox 768 2420 2845 2517; baseline -0.001 -26"><span class='ocrx_word' id='word_1_124' title='bbox 768 2420 1145 2516; x_wconf 88' lang='lat' dir='ltr'><strong>paulatim,</strong></span> <span class='ocrx_word' id='word_1_125' title='bbox 1176 2421 1318 2492; x_wconf 90' lang='lat' dir='ltr'><strong>nisi</strong></span> <span class='ocrx_word' id='word_1_126' title='bbox 1351 2421 1566 2517; x_wconf 88' lang='lat' dir='ltr'><strong>plane</strong></span> <span class='ocrx_word' id='word_1_127' title='bbox 1602 2432 1932 2492; x_wconf 89' lang='lat' dir='ltr'><strong>mortuus</strong></span> <span class='ocrx_word' id='word_1_128' title='bbox 1967 2420 2211 2508; x_wconf 84' lang='lat' dir='ltr'><strong>fuerit,</strong></span> <span class='ocrx_word' id='word_1_129' title='bbox 2248 2443 2543 2491; x_wconf 88' lang='lat' dir='ltr'><strong>sensum</strong></span> <span class='ocrx_word' id='word_1_130' title='bbox 2577 2430 2650 2491; x_wconf 92' lang='lat' dir='ltr'><strong>et</strong></span> <span class='ocrx_word' id='word_1_131' title='bbox 2684 2442 2845 2489; x_wconf 91' lang='lat' dir='ltr'><strong>mo-</strong></span> 
     </span>
     <span class='ocr_line' id='line_1_19' title="bbox 768 2531 2844 2631; baseline -0.002 -24"><span class='ocrx_word' id='word_1_132' title='bbox 768 2546 927 2607; x_wconf 91' lang='lat' dir='ltr'><strong>tum</strong></span> <span class='ocrx_word' id='word_1_133' title='bbox 959 2534 1260 2630; x_wconf 89' lang='lat' dir='ltr'><strong>recipit;</strong></span> <span class='ocrx_word' id='word_1_134' title='bbox 1315 2547 1392 2607; x_wconf 92' lang='lat' dir='ltr'><strong>et</strong></span> <span class='ocrx_word' id='word_1_135' title='bbox 1425 2544 1777 2628; x_wconf 82' lang='lat' dir='ltr'><strong>tanquam</strong></span> <span class='ocrx_word' id='word_1_136' title='bbox 1803 2557 1934 2629; x_wconf 87' lang='lat' dir='ltr'><strong>per</strong></span> <span class='ocrx_word' id='word_1_137' title='bbox 1968 2557 2048 2631; x_wconf 86' lang='lat' dir='ltr'><strong>os</strong></span> <span class='ocrx_word' id='word_1_138' title='bbox 2083 2531 2501 2628; x_wconf 83' lang='lat' dir='ltr'><strong>egrediente</strong></span> <span class='ocrx_word' id='word_1_139' title='bbox 2535 2531 2844 2604; x_wconf 89' lang='lat' dir='ltr'><strong>materia</strong></span> 
     </span>
     <span class='ocr_line' id='line_1_20' title="bbox 765 2645 2842 2743; baseline -0.002 -23"><span class='ocrx_word' id='word_1_140' title='bbox 765 2648 1011 2737; x_wconf 82' lang='lat' dir='ltr'><strong>noxia,</strong></span> <span class='ocrx_word' id='word_1_141' title='bbox 1049 2671 1265 2743; x_wconf 89' lang='lat' dir='ltr'><strong>quam</strong></span> <span class='ocrx_word' id='word_1_142' title='bbox 1296 2649 1430 2720; x_wconf 88' lang='lat' dir='ltr'><strong>sub</strong></span> <span class='ocrx_word' id='word_1_143' title='bbox 1466 2661 1736 2720; x_wconf 87' lang='lat' dir='ltr'><strong>terram</strong></span> <span class='ocrx_word' id='word_1_144' title='bbox 1758 2646 2141 2735; x_wconf 90' lang='lat' dir='ltr'><strong>inbiberat,</strong></span> <span class='ocrx_word' id='word_1_145' title='bbox 2166 2645 2555 2733; x_wconf 84' lang='lat' dir='ltr'><strong>reviviscit,</strong></span> <span class='ocrx_word' id='word_1_146' title='bbox 2579 2645 2842 2717; x_wconf 86' lang='lat' dir='ltr'><strong>eodem</strong></span> 
     </span>
     <span class='ocr_line' id='line_1_21' title="bbox 765 2758 2841 2857; baseline -0.003 -23"><span class='ocrx_word' id='word_1_147' title='bbox 765 2762 917 2835; x_wconf 91' lang='lat' dir='ltr'><strong>fere</strong></span> <span class='ocrx_word' id='word_1_148' title='bbox 949 2762 1170 2834; x_wconf 90' lang='lat' dir='ltr'><strong>modo</strong></span> <span class='ocrx_word' id='word_1_149' title='bbox 1233 2786 1377 2857; x_wconf 90' lang='lat' dir='ltr'><strong>quo</strong></span> <span class='ocrx_word' id='word_1_150' title='bbox 1431 2762 1508 2833; x_wconf 92' lang='lat' dir='ltr'><strong>in</strong></span> <span class='ocrx_word' id='word_1_151' title='bbox 1566 2785 1758 2856; x_wconf 90' lang='lat' dir='ltr'><strong>aqua</strong></span> <span class='ocrx_word' id='word_1_152' title='bbox 1805 2758 2165 2847; x_wconf 88' lang='lat' dir='ltr'><strong>suffocati,</strong></span> <span class='ocrx_word' id='word_1_153' title='bbox 2220 2759 2282 2831; x_wconf 91' lang='lat' dir='ltr'><strong>si</strong></span> <span class='ocrx_word' id='word_1_154' title='bbox 2331 2782 2593 2853; x_wconf 87' lang='lat' dir='ltr'><strong>aquam</strong></span> <span class='ocrx_word' id='word_1_155' title='bbox 2629 2781 2841 2829; x_wconf 80' lang='lat' dir='ltr'><strong>revo-</strong></span> 
     </span>
     <span class='ocr_line' id='line_1_22' title="bbox 765 2871 2839 2966; baseline -0.003 -18"><span class='ocrx_word' id='word_1_156' title='bbox 765 2887 990 2948; x_wconf 86' lang='lat' dir='ltr'><strong>mant.</strong></span> <span class='ocrx_word' id='word_1_157' title='bbox 1094 2875 1387 2948; x_wconf 86' lang='lat' dir='ltr'><strong>Accidit</strong></span> <span class='ocrx_word' id='word_1_158' title='bbox 1419 2887 1666 2947; x_wconf 90' lang='lat' dir='ltr'><strong>autem</strong></span> <span class='ocrx_word' id='word_1_159' title='bbox 1698 2875 1840 2947; x_wconf 93' lang='lat' dir='ltr'><strong>hoc</strong></span> <span class='ocrx_word' id='word_1_160' title='bbox 1874 2897 2024 2945; x_wconf 90' lang='lat' dir='ltr'><strong>non</strong></span> <span class='ocrx_word' id='word_1_161' title='bbox 2063 2874 2138 2944; x_wconf 90' lang='lat' dir='ltr'><strong>in</strong></span> <span class='ocrx_word' id='word_1_162' title='bbox 2184 2872 2523 2946; x_wconf 89' lang='lat' dir='ltr'><strong>omnibus</strong></span> <span class='ocrx_word' id='word_1_163' title='bbox 2571 2871 2839 2966; x_wconf 78' lang='lat' dir='ltr'><strong>puteiS,</strong></span> 
     </span>
     <span class='ocr_line' id='line_1_23' title="bbox 764 2986 2836 3082; baseline -0.002 -22"><span class='ocrx_word' id='word_1_164' title='bbox 764 2988 894 3061; x_wconf 90' lang='lat' dir='ltr'><strong>sed</strong></span> <span class='ocrx_word' id='word_1_165' title='bbox 945 2989 1022 3061; x_wconf 93' lang='lat' dir='ltr'><strong>in</strong></span> <span class='ocrx_word' id='word_1_166' title='bbox 1075 2989 1347 3077; x_wconf 88' lang='lat' dir='ltr'><strong>multis,</strong></span> <span class='ocrx_word' id='word_1_167' title='bbox 1408 3012 1543 3060; x_wconf 88' lang='lat' dir='ltr'><strong>nec</strong></span> <span class='ocrx_word' id='word_1_168' title='bbox 1602 2989 1676 3061; x_wconf 91' lang='lat' dir='ltr'><strong>in</strong></span> <span class='ocrx_word' id='word_1_169' title='bbox 1731 2988 1989 3060; x_wconf 88' lang='lat' dir='ltr'><strong>iisdem</strong></span> <span class='ocrx_word' id='word_1_170' title='bbox 2058 3010 2366 3082; x_wconf 87' lang='lat' dir='ltr'><strong>semper,</strong></span> <span class='ocrx_word' id='word_1_171' title='bbox 2435 2986 2564 3058; x_wconf 91' lang='lat' dir='ltr'><strong>sed</strong></span> <span class='ocrx_word' id='word_1_172' title='bbox 2618 3009 2836 3081; x_wconf 85' lang='lat' dir='ltr'><strong>saepe.</strong></span> 
     </span>
     <span class='ocr_line' id='line_1_24' title="bbox 766 3098 2837 3194; baseline -0.003 -18"><span class='ocrx_word' id='word_1_173' title='bbox 766 3102 1084 3176; x_wconf 76' lang='lat' dir='ltr'><strong>Quando</strong></span> <span class='ocrx_word' id='word_1_174' title='bbox 1152 3102 1444 3191; x_wconf 91' lang='lat' dir='ltr'><strong>accidit,</strong></span> <span class='ocrx_word' id='word_1_175' title='bbox 1517 3100 1921 3173; x_wconf 83' lang='lat' dir='ltr'><strong>remedium</strong></span> <span class='ocrx_word' id='word_1_176' title='bbox 1974 3099 2326 3172; x_wconf 87' lang='lat' dir='ltr'><strong>adhibent</strong></span> <span class='ocrx_word' id='word_1_177' title='bbox 2392 3098 2837 3194; x_wconf 86' lang='lat' dir='ltr'><strong>hujusmodi.</strong></span> 
     </span>
     <span class='ocr_line' id='line_1_25' title="bbox 761 3212 2839 3310; baseline -0.001 -24"><span class='ocrx_word' id='word_1_178' title='bbox 761 3214 1082 3288; x_wconf 87' lang='lat' dir='ltr'><strong>Fodiunt</strong></span> <span class='ocrx_word' id='word_1_179' title='bbox 1114 3215 1191 3287; x_wconf 90' lang='lat' dir='ltr'><strong>in</strong></span> <span class='ocrx_word' id='word_1_180' title='bbox 1237 3214 1652 3310; x_wconf 91' lang='lat' dir='ltr'><strong>propinquo</strong></span> <span class='ocrx_word' id='word_1_181' title='bbox 1710 3225 2014 3309; x_wconf 89' lang='lat' dir='ltr'><strong>puteum</strong></span> <span class='ocrx_word' id='word_1_182' title='bbox 2067 3213 2291 3285; x_wconf 89' lang='lat' dir='ltr'><strong>alium</strong></span> <span class='ocrx_word' id='word_1_183' title='bbox 2347 3235 2554 3306; x_wconf 89' lang='lat' dir='ltr'><strong>aeque</strong></span> <span class='ocrx_word' id='word_1_184' title='bbox 2605 3212 2839 3284; x_wconf 89' lang='lat' dir='ltr'><strong>altum</strong></span> 
     </span>
     <span class='ocr_line' id='line_1_26' title="bbox 760 3324 2837 3423; baseline -0.002 -21"><span class='ocrx_word' id='word_1_185' title='bbox 760 3330 923 3418; x_wconf 92' lang='lat' dir='ltr'><strong>DE,</strong></span> <span class='ocrx_word' id='word_1_186' title='bbox 960 3338 1034 3400; x_wconf 90' lang='lat' dir='ltr'><strong>et</strong></span> <span class='ocrx_word' id='word_1_187' title='bbox 1068 3328 1528 3423; x_wconf 88' lang='lat' dir='ltr'><strong>conjungunt</strong></span> <span class='ocrx_word' id='word_1_188' title='bbox 1555 3340 1950 3421; x_wconf 88' lang='lat' dir='ltr'><strong>utrumque</strong></span> <span class='ocrx_word' id='word_1_189' title='bbox 1977 3325 2315 3398; x_wconf 91' lang='lat' dir='ltr'><strong>cuniculo</strong></span> <span class='ocrx_word' id='word_1_190' title='bbox 2338 3326 2495 3397; x_wconf 89' lang='grc' dir='ltr'><strong>ΕΒ.</strong></span> <span class='ocrx_word' id='word_1_191' title='bbox 2552 3324 2837 3398; x_wconf 90' lang='lat' dir='ltr'><strong>Deinde</strong></span> 
     </span>
     <span class='ocr_line' id='line_1_27' title="bbox 755 3439 2834 3537; baseline 0 -24"><span class='ocrx_word' id='word_1_192' title='bbox 755 3441 847 3513; x_wconf 91' lang='lat' dir='ltr'><strong>ab</strong></span> <span class='ocrx_word' id='word_1_193' title='bbox 884 3464 1193 3514; x_wconf 85' lang='lat' dir='ltr'><strong>accenso</strong></span> <span class='ocrx_word' id='word_1_194' title='bbox 1228 3441 1397 3537; x_wconf 86' lang='lat' dir='ltr'><strong>igne</strong></span> <span class='ocrx_word' id='word_1_195' title='bbox 1432 3441 1508 3513; x_wconf 92' lang='lat' dir='ltr'><strong>in</strong></span> <span class='ocrx_word' id='word_1_196' title='bbox 1558 3440 1814 3528; x_wconf 90' lang='lat' dir='ltr'><strong>fund0,</strong></span> <span class='ocrx_word' id='word_1_197' title='bbox 1868 3441 1953 3524; x_wconf 84' lang='lat' dir='ltr'><strong>E,</strong></span> <span class='ocrx_word' id='word_1_198' title='bbox 2008 3463 2155 3527; x_wconf 89' lang='lat' dir='ltr'><strong>aer,</strong></span> <span class='ocrx_word' id='word_1_199' title='bbox 2211 3439 2336 3535; x_wconf 92' lang='lat' dir='ltr'><strong>qui</strong></span> <span class='ocrx_word' id='word_1_200' title='bbox 2397 3439 2615 3511; x_wconf 80' lang='lat' dir='ltr'><strong>estin</strong></span> <span class='ocrx_word' id='word_1_201' title='bbox 2650 3441 2834 3513; x_wconf 89' lang='lat' dir='ltr'><strong>tubo</strong></span> 
     </span>
     <span class='ocr_line' id='line_1_28' title="bbox 756 3552 2837 3648; baseline -0.002 -20"><span class='ocrx_word' id='word_1_202' title='bbox 756 3556 824 3628; x_wconf 94' lang='lat' dir='ltr'>D</span> <span class='ocrx_word' id='word_1_203' title='bbox 852 3556 935 3644; x_wconf 90' lang='lat' dir='ltr'><strong>E,</strong></span> <span class='ocrx_word' id='word_1_204' title='bbox 974 3554 1310 3627; x_wconf 87' lang='lat' dir='ltr'><strong>evehitur</strong></span> <span class='ocrx_word' id='word_1_205' title='bbox 1344 3554 1421 3626; x_wconf 90' lang='lat' dir='ltr'><strong>in</strong></span> <span class='ocrx_word' id='word_1_206' title='bbox 1456 3553 1686 3626; x_wconf 91' lang='lat' dir='ltr'><strong>altum</strong></span> <span class='ocrx_word' id='word_1_207' title='bbox 1719 3553 1916 3625; x_wconf 88' lang='lat' dir='ltr'><strong>foras</strong></span> <span class='ocrx_word' id='word_1_208' title='bbox 1952 3576 2082 3648; x_wconf 93' lang='lat' dir='ltr'><strong>per</strong></span> <span class='ocrx_word' id='word_1_209' title='bbox 2118 3553 2228 3636; x_wconf 93' lang='lat' dir='ltr'><strong>D;</strong></span> <span class='ocrx_word' id='word_1_210' title='bbox 2282 3552 2480 3624; x_wconf 90' lang='lat' dir='ltr'><strong>hunc</strong></span> <span class='ocrx_word' id='word_1_211' title='bbox 2503 3552 2837 3647; x_wconf 89' lang='lat' dir='ltr'><strong>sequitur</strong></span> 
     </span>
     <span class='ocr_line' id='line_1_29' title="bbox 754 3652 2836 3761; baseline -0 -21"><span class='ocrx_word' id='word_1_212' title='bbox 754 3691 882 3740; x_wconf 91' lang='lat' dir='ltr'><strong>aer</strong></span> <span class='ocrx_word' id='word_1_213' title='bbox 948 3677 1337 3739; x_wconf 87' lang='lat' dir='ltr'><strong>contentus</strong></span> <span class='ocrx_word' id='word_1_214' title='bbox 1404 3666 1481 3738; x_wconf 90' lang='lat' dir='ltr'><strong>in</strong></span> <span class='ocrx_word' id='word_1_215' title='bbox 1536 3652 1875 3738; x_wconf 86' lang='lat' dir='ltr'><strong>cuniculo</strong></span> <span class='ocrx_word' id='word_1_216' title='bbox 1935 3668 1994 3738; x_wconf 90' lang='lat' dir='ltr'>E</span> <span class='ocrx_word' id='word_1_217' title='bbox 2025 3667 2085 3737; x_wconf 94' lang='lat' dir='ltr'><strong>B</strong></span> <span class='ocrx_word' id='word_1_218' title='bbox 2116 3696 2134 3749; x_wconf 94' lang='lat'>;</span> <span class='ocrx_word' id='word_1_219' title='bbox 2215 3689 2432 3759; x_wconf 88' lang='lat' dir='ltr'><strong>quem</strong></span> <span class='ocrx_word' id='word_1_220' title='bbox 2499 3666 2836 3761; x_wconf 88' lang='lat' dir='ltr'><strong>sequitur</strong></span> 
     </span>
     <span class='ocr_line' id='line_1_30' title="bbox 753 3779 2835 3874; baseline -0.001 -21"><span class='ocrx_word' id='word_1_221' title='bbox 753 3781 1060 3853; x_wconf 88' lang='lat' dir='ltr'><strong>materia</strong></span> <span class='ocrx_word' id='word_1_222' title='bbox 1091 3780 1314 3853; x_wconf 86' lang='lat' dir='ltr'><strong>noxia</strong></span> <span class='ocrx_word' id='word_1_223' title='bbox 1345 3791 1693 3852; x_wconf 89' lang='lat' dir='ltr'><strong>contenta</strong></span> <span class='ocrx_word' id='word_1_224' title='bbox 1727 3780 1803 3852; x_wconf 91' lang='lat' dir='ltr'><strong>in</strong></span> <span class='ocrx_word' id='word_1_225' title='bbox 1840 3781 1898 3852; x_wconf 90' lang='lat' dir='ltr'>C</span> <span class='ocrx_word' id='word_1_226' title='bbox 1926 3781 2008 3868; x_wconf 88' lang='lat' dir='ltr'><strong>B,</strong></span> <span class='ocrx_word' id='word_1_227' title='bbox 2061 3789 2135 3850; x_wconf 87' lang='lat' dir='ltr'><strong>et</strong></span> <span class='ocrx_word' id='word_1_228' title='bbox 2168 3779 2360 3852; x_wconf 88' lang='lat' dir='ltr'><strong>redit</strong></span> <span class='ocrx_word' id='word_1_229' title='bbox 2391 3791 2641 3874; x_wconf 92' lang='lat' dir='ltr'><strong>pute0,</strong></span> <span class='ocrx_word' id='word_1_230' title='bbox 2692 3803 2835 3873; x_wconf 90' lang='lat' dir='ltr'><strong>pro</strong></span> 
     </span>
     <span class='ocr_line' id='line_1_31' title="bbox 752 3892 2834 3988; baseline -0.001 -21"><span class='ocrx_word' id='word_1_231' title='bbox 752 3919 841 3967; x_wconf 89' lang='lat' dir='ltr'><strong>ea</strong></span> <span class='ocrx_word' id='word_1_232' title='bbox 873 3895 1056 3983; x_wconf 89' lang='lat' dir='ltr'><strong>vice,</strong></span> <span class='ocrx_word' id='word_1_233' title='bbox 1093 3893 1305 3965; x_wconf 86' lang='lat' dir='ltr'><strong>solita</strong></span> <span class='ocrx_word' id='word_1_234' title='bbox 1331 3893 1743 3965; x_wconf 63' lang='lat' dir='ltr'><strong>salubritas</strong></span> <span class='ocrx_word' id='word_1_235' title='bbox 1848 3894 1960 3964; x_wconf 84' lang='lat' dir='ltr'><strong>Ex</strong></span> <span class='ocrx_word' id='word_1_236' title='bbox 1993 3892 2375 3965; x_wconf 87' lang='lat' dir='ltr'><strong>historiola</strong></span> <span class='ocrx_word' id='word_1_237' title='bbox 2405 3892 2567 3980; x_wconf 88' lang='lat' dir='ltr'><strong>hac,</strong></span> <span class='ocrx_word' id='word_1_238' title='bbox 2607 3916 2834 3988; x_wconf 89' lang='lat' dir='ltr'><strong>quam</strong></span> 
     </span>
     <span class='ocr_line' id='line_1_32' title="bbox 751 4006 2831 4102; baseline -0.001 -22"><span class='ocrx_word' id='word_1_239' title='bbox 751 4008 839 4080; x_wconf 90' lang='lat' dir='ltr'><strong>iis</strong></span> <span class='ocrx_word' id='word_1_240' title='bbox 876 4008 1046 4080; x_wconf 90' lang='lat' dir='ltr'><strong>solis</strong></span> <span class='ocrx_word' id='word_1_241' title='bbox 1081 4006 1344 4095; x_wconf 91' lang='lat' dir='ltr'><strong>scribo,</strong></span> <span class='ocrx_word' id='word_1_242' title='bbox 1384 4007 1509 4101; x_wconf 89' lang='lat' dir='ltr'><strong>qui</strong></span> <span class='ocrx_word' id='word_1_243' title='bbox 1542 4007 1933 4079; x_wconf 85' lang='lat' dir='ltr'><strong>veritatem</strong></span> <span class='ocrx_word' id='word_1_244' title='bbox 1961 4008 2117 4102; x_wconf 83' lang='lat' dir='ltr'><strong>ejus</strong></span> <span class='ocrx_word' id='word_1_245' title='bbox 2153 4006 2292 4102; x_wconf 88' lang='lat' dir='ltr'><strong>ipsi</strong></span> <span class='ocrx_word' id='word_1_246' title='bbox 2325 4006 2606 4101; x_wconf 87' lang='lat' dir='ltr'><strong>experti</strong></span> <span class='ocrx_word' id='word_1_247' title='bbox 2627 4020 2831 4095; x_wconf 88' lang='lat' dir='ltr'><strong>sunt,</strong></span> 
     </span>
     <span class='ocr_line' id='line_1_33' title="bbox 760 4119 2830 4216; baseline -0 -23"><span class='ocrx_word' id='word_1_248' title='bbox 760 4121 963 4214; x_wconf 90' lang='lat' dir='ltr'><strong>(nam</strong></span> <span class='ocrx_word' id='word_1_249' title='bbox 1021 4120 1558 4216; x_wconf 87' lang='lat' dir='ltr'><strong>philosophiam</strong></span> <span class='ocrx_word' id='word_1_250' title='bbox 1620 4120 1942 4192; x_wconf 88' lang='lat' dir='ltr'><strong>historiis</strong></span> <span class='ocrx_word' id='word_1_251' title='bbox 2009 4119 2251 4192; x_wconf 85' lang='lat' dir='ltr'><strong>dubiae</strong></span> <span class='ocrx_word' id='word_1_252' title='bbox 2310 4119 2482 4192; x_wconf 88' lang='lat' dir='ltr'><strong>fidei</strong></span> <span class='ocrx_word' id='word_1_253' title='bbox 2539 4119 2830 4210; x_wconf 85' lang='lat' dir='ltr'><strong>fulcire,</strong></span> 
     </span>
     <span class='ocr_line' id='line_1_34' title="bbox 753 4233 2832 4330; baseline 0 -23"><span class='ocrx_word' id='word_1_254' title='bbox 753 4258 904 4307; x_wconf 91' lang='lat' dir='ltr'><strong>non</strong></span> <span class='ocrx_word' id='word_1_255' title='bbox 941 4247 1051 4308; x_wconf 92' lang='lat' dir='ltr'><strong>est</strong></span> <span class='ocrx_word' id='word_1_256' title='bbox 1085 4237 1359 4326; x_wconf 91' lang='lat' dir='ltr'><strong>meum)</strong></span> <span class='ocrx_word' id='word_1_257' title='bbox 1417 4234 1883 4330; x_wconf 87' lang='lat' dir='ltr'><strong>phaenomeni</strong></span> <span class='ocrx_word' id='word_1_258' title='bbox 1934 4258 2156 4307; x_wconf 87' lang='lat' dir='ltr'><strong>causa</strong></span> <span class='ocrx_word' id='word_1_259' title='bbox 2198 4233 2563 4329; x_wconf 88' lang='lat' dir='ltr'><strong>possibilis</strong></span> <span class='ocrx_word' id='word_1_260' title='bbox 2610 4233 2832 4307; x_wconf 90' lang='lat' dir='ltr'><strong>intel-</strong></span> 
     </span>
     <span class='ocr_line' id='line_1_35' title="bbox 752 4345 2830 4445; baseline -0.002 -24"><span class='ocrx_word' id='word_1_261' title='bbox 752 4349 882 4444; x_wconf 85' lang='lat' dir='ltr'><strong>ligi</strong></span> <span class='ocrx_word' id='word_1_262' title='bbox 917 4361 1165 4445; x_wconf 91' lang='lat' dir='ltr'><strong>potest</strong></span> <span class='ocrx_word' id='word_1_263' title='bbox 1195 4348 1397 4421; x_wconf 85' lang='lat' dir='ltr'><strong>haec:</strong></span> <span class='ocrx_word' id='word_1_264' title='bbox 1454 4348 1838 4420; x_wconf 87' lang='lat' dir='ltr'><strong>materiam</strong></span> <span class='ocrx_word' id='word_1_265' title='bbox 1872 4372 2030 4420; x_wconf 88' lang='lat' dir='ltr'><strong>esse</strong></span> <span class='ocrx_word' id='word_1_266' title='bbox 2084 4347 2449 4442; x_wconf 90' lang='lat' dir='ltr'><strong>quandam</strong></span> <span class='ocrx_word' id='word_1_267' title='bbox 2495 4345 2830 4434; x_wconf 88' lang='lat' dir='ltr'><strong>fluidam,</strong></span> 
     </span>
    </p>
   </div>
  </div>
 </body>
</html>
