3182 5102
659 487 765 538 nn
807 488 1393 542 REFRAc'rmNE
1434 492 1532 542 ET
1572 493 2135 544 REFLExloNn.
2288 476 2430 554 307

352 675 440 724 ex
473 665 684 749 parte
713 655 963 728 altera.
1070 657 1237 731 Quo
1265 658 1528 753 posito,
1564 658 1904 731 refractio
1934 682 2023 730 ex
2044 681 2193 730 una
2213 667 2422 753 parte
2489 670 2647 717 PARS
2674 670 2774 721 ΠΙ.

350 765 864 840 refractionem
910 792 1000 841 ex
1057 770 1288 842 altera
1345 781 1555 866 parte
1606 771 1939 855 tolleret3
1992 770 2187 843 unde
2234 770 2429 842 linea
2504 737 2732 837 »ἕω

350 878 666 952 refracta
701 881 812 953 vel
845 882 1116 978 ubique
1149 894 1363 972 esset,
1416 884 1615 979 quod
1660 896 1772 957 est
1797 884 2234 969 absurdum;
2287 884 2403 956 vel

349 991 572 1081 nulla,
608 994 806 1088 quod
838 1006 949 1067 est
980 996 1436 1091 propositum
1470 998 1878 1072 ostendere.

451 1106 718 1179 Coroll.
772 1108 1244 1181 Manifestum
1275 1110 1447 1183 hinc
1481 1122 1594 1183 est
1627 1136 1917 1184 causam
1949 1110 2403 1183 refractionis

351 1218 426 1290 in
461 1220 615 1292 sola
648 1244 805 1293 esse
840 1222 1272 1318 obliquitate
1329 1223 1743 1313 incidentis,
1798 1225 1948 1297 sive
1984 1248 2244 1320 corpus
2295 1224 2407 1295 in-

351 1331 598 1404 cidens
646 1357 779 1428 per
833 1334 1152 1407 medium
1196 1348 1586 1432 utrumque
1637 1349 1999 1432 penetret,
2056 1338 2207 1410 sive
2259 1361 2410 1409 non

349 1458 741 1541 penetrans
777 1448 907 1521 sed
932 1472 1269 1544 premens
1304 1461 1589 1523 tantum
1626 1463 1905 1523 motum
1938 1462 2317 1547 propaget.

451 1568 520 1632 3.
576 1560 651 1633 Si
714 1585 976 1657 corpus
1031 1575 1334 1651 motum,
1395 1575 1686 1636 servato
1743 1564 2061 1660 partium
2124 1587 2414 1635 suarum
2443 1585 2705 1660 projpetae
2750 1650 2760 1661 ²

352 1672 800 1747 internarum
845 1676 1014 1765 situ,
1055 1688 1138 1749 ut
1185 1677 1390 1773 lapis,
1427 1701 1467 1749 e
1501 1678 1742 1751 medio
1793 1702 1959 1750 raro
2012 1677 2302 1773 oblique
2336 1677 2411 1747 in
2437 1652 2726 1762 (ῗξζῖῗηῖῗζ
2748 1665 2830 1762 ¹1¹².-

352 1784 669 1857 medium
705 1787 1008 1861 densum
1056 1802 1446 1885 penetrans
1494 1792 1954 1888 processerit,
1990 1791 2225 1887 sitque
2260 1814 2411 1862 me·
2438 1779 2726 1841 “imum‘’
2777 1786 2832 1827 '¹‘

2434 1859 2495 1891 au
2567 1844 2638 1890 lus
2664 1845 2785 1891 refrt

353 1898 552 1970 dium
588 1899 880 1973 densius
914 1902 1084 1991 tale,
1118 1915 1205 1974 ut
1237 1915 1481 1999 partes
1532 1906 1686 2000 ejus
1733 1904 2042 1977 internae
2077 1914 2297 1976 motae
2331 1927 2408 1975 se
2435 1860 2723 1985 ‘¹¹⁸KU⁸!¹8¹!¹⁰
2754 1859 2831 1956 ’ῑῖ

353 2012 784 2096 restituant;
837 2015 1146 2110 angulus
1189 2015 1541 2089 refractus
1596 2017 1862 2113 angulo
1917 2016 2409 2089 inclinationis
2432 1971 2702 2100 Qffiwm
2768 1976 2835 2021 ω

353 2127 585 2220 major
619 2127 780 2199 erit.
886 2128 998 2201 Sit
1056 2129 1249 2200 enim
1317 2129 1423 2221 (in
1483 2129 1738 2202 eadem
1794 2131 1918 2225 fig.
1972 2130 2040 2222 l)
2102 2130 2410 2202 duorum

352 2238 754 2312 mediorum
809 2241 1225 2336 superficies
1292 2242 1692 2337 separatrix
1751 2242 1818 2314 D
1849 2243 1909 2315 Β
1935 2244 2018 2315 Ε.
2120 2243 2216 2314 Et
2280 2266 2412 2338 per

352 2364 629 2425 rectam
671 2355 731 2424 A
758 2354 818 2426 Β
847 2354 905 2427 C
963 2354 1410 2450 intelligatur
1462 2357 1739 2429 moveri
1794 2380 2055 2452 corpus
2112 2356 2411 2452 aliquod

354 2466 561 2561 quale
624 2467 1079 2564 supponitur,
1139 2479 1320 2565 puta
1384 2469 1698 2565 lapidem
1767 2472 2194 2566 projectum.
2300 2469 2411 2542 Sit

352 2592 599 2653 autem
633 2581 701 2652 A
731 2581 791 2653 Β
825 2581 901 2652 in
934 2580 1175 2654 medio
1227 2582 1522 2670 rariore,
1574 2595 1661 2654 ut
1687 2606 1851 2655 aere
1880 2614 1899 2666 ;
1954 2583 2014 2654 B
2036 2582 2094 2655 C
2127 2583 2201 2655 in
2239 2583 2412 2655 den-

353 2693 567 2781 siore,
604 2705 687 2765 ut
720 2717 927 2788 aqua.
1030 2694 1213 2766 Dico
1265 2694 1578 2790 lapidem
1640 2719 1771 2790 per
1806 2697 1866 2766 A
1894 2695 1954 2767 Β
2004 2697 2408 2791 projectum

354 2832 504 2879 non
570 2831 726 2880 esse
791 2831 1292 2904 processurum
1345 2832 1479 2904 per
1545 2808 1606 2879 Β
1631 2808 1711 2896 C,
1781 2808 1909 2880 sed
1973 2832 2104 2904 per
2169 2806 2406 2896 aliam,

354 2946 519 3018 quae
585 2947 751 2994 cum
799 2921 1020 2995 ducta
1075 2922 1652 3017 perpendiculari
1724 2923 1784 2994 B
1813 2923 1885 2994 H
1954 2921 2132 2994 facit
2180 2945 2406 3017 angu-

352 3036 506 3108 lum
554 3036 946 3109 refractum
1003 3036 1075 3107 H
1108 3036 1168 3107 B
1191 3038 1267 3126 F,
1336 3036 1603 3131 angulo
1646 3036 2135 3110 inclinationis
2190 3035 2408 3108 HBC

353 3151 728 3244 majorem.

455 3262 640 3335 Cum
696 3262 889 3334 enim
949 3262 1248 3336 veniens
1299 3261 1481 3357 lapis
1535 3262 1628 3334 ab
1665 3262 1724 3333 A
1758 3273 1831 3334 et
1884 3261 2289 3357 impingens
2333 3261 2408 3332 in

357 3373 420 3446 B
470 3374 693 3448 faciat
724 3374 824 3460 id,
860 3374 1054 3469 quod
1091 3385 1202 3446 est
1245 3374 1320 3446 in
1357 3374 1440 3463 Β,
1489 3373 1884 3470 procedere
1921 3398 2164 3447 versus
2202 3374 2299 3462 H,
2336 3385 2412 3446 et

353 3489 684 3561 similiter
715 3489 847 3561 fiat
878 3512 1010 3584 per
1043 3512 1292 3560 omnes
1324 3500 1560 3560 rectas
1610 3488 1745 3584 ipsi
1782 3489 1842 3560 Β
1873 3489 1944 3561 Η
1980 3487 2359 3584 parallelas
2390 3516 2408 3570 ;

353 3625 667 3698 cumque
734 3601 1124 3674 restituant
1190 3624 1266 3672 se
1332 3613 1574 3696 partes
1642 3613 1862 3673 motae
1921 3624 2053 3696 per
2109 3600 2411 3673 eandem

353 3715 620 3788 lineam
652 3716 771 3788 via
803 3715 1209 3798 contraria3
1263 3715 1539 3788 orietur
1570 3725 1811 3786 motus
1845 3714 2250 3786 contrarius
2282 3735 2414 3809 per

358 3829 430 3900 H
457 3829 517 3901 Β
585 3838 662 3901 et
725 3839 963 3901 rectas
1022 3852 1273 3900 omnes
1337 3827 1473 3923 ipsi
1543 3826 1615 3898 H
1645 3828 1705 3899 B
1758 3827 2153 3922 parallelas.
2253 3825 2413 3899 Erit

353 3965 529 4037 ergo
565 3952 807 4014 motus
838 3940 1096 4036 lapidis
1128 3939 1363 4012 factus
1398 3965 1484 4013 ex
1533 3963 1891 4013 concursu
1922 3951 2252 4012 motuum
2283 3962 2416 4034 per

355 4055 423 4126 A
451 4055 537 4144 G,
575 4055 651 4129 id
684 4066 815 4144 est,
850 4078 982 4151 per
1016 4054 1083 4126 D
1107 4055 1190 4143 Β,
1228 4066 1305 4127 et
1335 4078 1466 4150 per
1499 4053 1562 4127 G
1589 4054 1673 4142 B,
1707 4053 1851 4126 hoc
1886 4065 2020 4141 est,
2054 4077 2185 4149 per
2227 4053 2287 4125 Β
2312 4051 2410 4141 Η,

357 4178 434 4239 et
482 4167 795 4263 denique
827 4192 960 4264 per
995 4167 1066 4239 H
1097 4168 1202 4251 B;
1255 4167 1332 4239 id
1367 4178 1500 4255 est,
1536 4190 1626 4238 ex
1679 4191 2036 4240 concursu
2082 4178 2412 4240 motuum

355 4280 602 4352 trium.
715 4279 861 4352 Sed
912 4304 1041 4375 per
1096 4303 1528 4352 concursum
1594 4304 1725 4376 per
1777 4279 1844 4351 A
1870 4280 1955 4366 G,
2012 4280 2071 4351 Β
2097 4280 2169 4351 H
2240 4304 2412 4353 con-

357 4392 649 4467 ducitur
706 4395 889 4490 lapis
942 4393 1037 4467 ad
1097 4394 1204 4477 C;
1257 4393 1508 4466 addito
1567 4417 1743 4488 ergo
1800 4406 2004 4467 motu
2063 4418 2193 4489 per
2228 4395 2299 4467 H
2326 4394 2409 4482 Β,

1932 4517 2068 4580 x2
