3182 5102
728 503 836 554 ma·
878 501 1294 554 ansmNE
1334 502 1435 554 ET
1472 502 1705 555 Μοτυ
1743 502 2131 554 AmMAm.
2325 484 2469 564 317

420 670 733 743 derivari
768 668 1160 743 dicendum
1211 681 1346 759 est,
1382 682 1457 743 et
1505 669 1601 743 ad
1635 694 2020 743 causarum
2056 672 2212 766 ejus
2247 670 2487 743 inves-
2570 681 2747 769 mas
2783 681 2870 731 IV·

418 783 851 881 tigationem
891 784 983 855 ab
1018 783 1162 855 alio
1194 784 1706 879 phaenomeno‚
1740 796 2011 879 praeter
2033 807 2195 856 eam
2229 784 2485 879 ipsam,
2589 750 2853 856 »ff—a

419 897 710 971 initium
745 896 934 969 sumi
974 920 1125 970 non
1174 920 1413 993 posse.
1519 898 1668 971 Sed
1718 921 1887 993 quo,
1923 898 2230 994 inquies,
2268 922 2490 970 sensu

420 1009 1076 1106 contemplabimur
1107 1010 1513 1082 sensionem
1539 1015 1583 1083 8
1668 1010 1946 1084 Eodem
1972 1010 2154 1107 ipso,
2183 1011 2488 1100 scilicet,

417 1124 729 1197 aliorum
761 1123 1212 1196 sensibilium
1240 1123 1376 1196 etsi
1408 1125 2034 1219 praetereuntium,
2062 1124 2160 1198 ad
2191 1124 2492 1220 aliquod

421 1250 668 1311 tamen
702 1249 987 1333 tempus
1020 1248 1362 1310 manente
1396 1239 1769 1312 memoria.
1875 1238 2069 1310 Nam
2101 1238 2385 1311 sentire
2409 1261 2492 1311 se

418 1352 763 1439 semisse,
797 1349 1209 1422 meminisse
1239 1362 1373 1423 est.

519 1462 983 1560 Inquirendae
1015 1486 1191 1560 ergo
1239 1474 1410 1537 ante
1460 1464 1709 1537 omnia
1748 1476 1919 1537 sunt
1969 1464 2358 1552 sensionis,
2408 1464 2490 1537 id

421 1589 556 1668 est,
578 1601 852 1663 earum,
874 1600 1057 1672 quas
1084 1578 1567 1651 sentientibus
1587 1578 1803 1651 nobis
1825 1577 2108 1651 innasci
2134 1588 2488 1673 perpetuo

423 1691 858 1789 experimur,
905 1690 1235 1764 idearum
1269 1691 1422 1764 sive
1466 1692 2062 1787 phantasmatum
2108 1713 2372 1780 causae,
2416 1702 2492 1763 et

422 1804 682 1878 modus
737 1828 883 1900 quo
935 1803 1269 1901 procedit
1314 1805 1716 1901 generatio.
1818 1804 1940 1878 Ad
1997 1805 2188 1877 hanc
2243 1815 2488 1877 autem

423 1917 969 2015 inquisitionem
989 1917 1337 1992 conducit
1358 1918 1597 2015 primo
1624 1918 1789 1991 loco
1816 1918 2228 2007 observare,
2253 1919 2488 2014 phan-

422 2041 736 2106 tasmata
763 2042 1021 2105 nostra
1062 2055 1214 2104 non
1260 2055 1418 2105 esse
1469 2054 1757 2127 semper
1803 2031 2082 2118 eadem,
2123 2030 2252 2104 sed
2295 2055 2491 2105 nova

424 2144 731 2220 subinde
765 2145 942 2218 oriri
974 2155 1050 2217 et
1081 2156 1330 2219 vetera
1381 2168 1839 2233 evanescere,
1873 2155 2097 2241 prout
2129 2144 2488 2218 sensionis

425 2282 702 2354 organa
747 2257 969 2331 modo
1019 2258 1097 2331 in
1150 2282 1401 2347 unum,
1447 2258 1669 2332 modo
1722 2259 1801 2331 in
1860 2258 2065 2331 aliud
2122 2259 2490 2355 objectum

426 2381 974 2446 convertuntur.
1088 2372 1547 2445 Generantur
1613 2394 1790 2467 ergo
1859 2382 1937 2443 et
1999 2383 2334 2466 pereunt,
2397 2395 2488 2445 ex

425 2508 574 2579 quo
627 2483 1064 2581 intelligitur
1114 2506 1273 2558 esse
1307 2508 1396 2557 ea
1428 2484 1756 2580 corporis
1811 2483 2192 2558 sentientis
2252 2494 2489 2559 muta-

427 2598 706 2672 tionem
741 2597 1084 2694 aliquam.

527 2720 598 2784 2.
653 2710 1143 2784 Mutationem
1190 2722 1436 2784 autem
1487 2733 1779 2783 omnem
1819 2723 2106 2785 motum
2155 2735 2312 2785 esse
2359 2713 2491 2786 ali-
2531 2732 2732 2783 Natura
2749 2737 2898 2784 senti.

431 2847 645 2920 quem
688 2823 804 2896 vel
859 2834 1229 2913 conatum,
1276 2823 1402 2919 qui
1449 2834 1756 2897 conatus
1807 2824 2027 2897 etiam
2072 2835 2318 2898 motus
2367 2835 2503 2914 est,
2529 2801 2677 2927 ἓξὲξ,
2693 2801 2905 2913 3ξὲζίῑῖ

430 2937 510 3009 in
528 2936 864 3034 partibus
897 2937 1164 3011 mutati
1189 2936 1524 3025 intemiS‚
1554 2947 1932 3009 ostensum
1953 2949 2066 3010 est
2096 2937 2287 3034 (cap.
2312 2960 2503 3011 v111.
2531 2932 2636 2977 ⁰⁰³⁸
2670 2930 2897 2979 defluim-

433 3061 572 3123 art.
604 3049 684 3144 9)
727 3074 819 3123 ex
852 3074 965 3139 eo,
1004 3050 1205 3146 quod
1237 3073 1618 3146 quousque
1646 3052 2143 3147 cujuscunque
2177 3051 2506 3146 corporis

429 3175 678 3259 partes
716 3164 940 3236 etiam
975 3163 1299 3238 minimae
1339 3163 1654 3238 eundem
1703 3164 1900 3236 inter
1951 3187 2028 3236 se
2080 3164 2304 3237 situm
2352 3187 2506 3236 ser-

430 3287 631 3367 vant,
665 3277 849 3350 nihil
882 3276 989 3349 illi
1028 3277 1203 3350 novi
1243 3277 1630 3374 contingit,
1678 3276 1851 3371 (nisi
1890 3276 2081 3349 forte
2120 3288 2206 3350 ut
2252 3287 2501 3350 totum

430 3390 646 3463 simul
701 3389 979 3463 moveri
1031 3389 1329 3485 possit),
1384 3389 1564 3486 quin
1615 3399 1700 3462 ut
1749 3401 1827 3462 et
1885 3390 1980 3462 sit
2040 3401 2115 3463 et
2167 3390 2506 3464 videatur

432 3502 628 3575 idem
679 3526 862 3592 esse,
916 3502 1116 3598 quod
1166 3515 1337 3577 ante
1396 3515 1558 3576 erat
1612 3514 1688 3576 et
1729 3503 2140 3577 videbatur.
2247 3504 2504 3578 Sensio

433 3614 660 3711 igitur
700 3614 778 3687 in
822 3614 1184 3687 sentiente
1232 3616 1417 3689 nihil
1471 3615 1674 3689 aliud
1714 3640 1874 3689 esse
1922 3627 2187 3712 potest,
2239 3629 2508 3714 praeter

430 3737 714 3800 motum
745 3727 1065 3822 partium
1104 3727 1512 3825 aliquarum
1548 3729 1747 3802 intus
1795 3729 1875 3802 in
1923 3732 2283 3804 sentiente
2318 3733 2508 3805 exis-

431 3841 773 3929 tentium,
809 3863 974 3934 quae
1007 3852 1255 3936 partes
1288 3853 1514 3915 motae
1552 3864 1998 3937 organorum
2039 3844 2303 3939 quibus
2340 3867 2504 3918 sen-

435 3952 659 4025 timus
692 3962 937 4047 partes
973 3964 1166 4025 sunt.
1270 3954 1463 4027 Nam
1490 3965 1736 4050 partes
1771 3956 2122 4051 corporis,
2155 3981 2289 4053 per
2323 3981 2505 4053 quas

432 4064 811 4161 perficitur
845 4064 1108 4149 sensio,
1145 4089 1251 4138 eae
1286 4067 1462 4162 ipsae
1514 4076 1687 4139 sunt
1732 4092 1913 4163 quas
1945 4069 2166 4165 vulgo
2208 4093 2507 4166 organa

432 4178 774 4249 sensoria
800 4178 1266 4273 appellamus.
1373 4181 1748 4253 Habemus
1770 4205 1945 4277 ergo
1972 4183 2128 4278 jam
2154 4183 2506 4256 sensionis

434 4291 866 4387 subjectum,
907 4292 1277 4383 nimirum,
1326 4293 1509 4367 illud
1554 4295 1631 4367 in
1683 4318 1830 4389 quo
1877 4296 2127 4369 insunt
2157 4298 2503 4393 phantas-
