3182 5102
1063 503 1170 554 nn
1208 501 1698 557 vocABnL1S.
2318 488 2405 553 21

343 683 810 780 oequivocam,
865 683 1263 758 relativam
1321 698 1451 760 aut
1511 684 1929 758 absolutam
1997 707 2178 756 esse.
2281 683 2417 755 Est

345 821 638 894 quoque
698 796 843 870 alia
894 799 1279 872 nominum
1361 799 1740 873 distinctio
1795 799 1873 871 in
1934 805 2285 871 concreta
2341 802 2417 868 et

344 910 763 1000 abstracta,
825 911 955 984 sed
1017 913 1365 1009 quoniam
1418 913 1722 986 nomina
1788 913 2183 999 abstracta,
2254 923 2419 983 orta

345 1033 519 1097 sunt
584 1048 629 1097 a
683 1025 1216 1121 propositione,
1288 1050 1427 1099 nec
1488 1039 1798 1124 potuere
1855 1024 2207 1099 constitui
2263 1023 2419 1095 sine

345 1137 726 1234 supposita
758 1138 1268 1228 affirmatione,
1307 1140 1398 1212 de
1432 1140 1521 1213 iis
1549 1134 1916 1213 dicemus*
1954 1162 2085 1211 suo
2119 1137 2307 1210 loco,

2502 700 2673 753 PARS
2714 700 2760 750 1.

453 1260 563 1325 14.
622 1251 847 1324 Sexto
910 1252 1213 1325 nomina
1263 1253 1409 1325 alia
1467 1252 1873 1350 simplicia,
1932 1251 2076 1324 alia
2129 1274 2418 1346 compo-
2444 1261 2637 1309 Nomen

2442 1326 2646 1389 simplex
2663 1333 2712 1374 et

347 1363 500 1434 sita
537 1364 690 1436 sive
725 1365 1126 1460 conjuncta
1144 1377 1341 1438 sunt.
1429 1365 1797 1462 Imprimis
1832 1376 2080 1437 autem
2116 1385 2420 1435 monen-
2443 1393 2775 1456 compositum.

349 1475 524 1549 dum
558 1488 694 1565 est,
742 1501 1014 1550 nomen
1051 1502 1203 1551 non
1237 1479 1345 1551 ita
1376 1478 1453 1551 in
1487 1478 1951 1575 philosophia
1984 1476 2194 1565 sumi,
2232 1476 2423 1549 sicut

349 1589 423 1661 in
490 1592 996 1686 grammatica,
1063 1604 1149 1665 ut
1214 1617 1446 1664 unum
1511 1615 1782 1665 nomen
1842 1591 1962 1680 sit,
2026 1589 2225 1687 quod
2274 1613 2426 1661 una

348 1716 643 1777 constat
674 1728 880 1794 voce,
917 1705 1048 1777 sed
1081 1705 1282 1801 quod
1333 1705 1550 1777 simul
1603 1717 1976 1801 sumptum
2022 1726 2295 1777 nomen
2329 1701 2427 1774 sit

347 1819 565 1891 unius
618 1818 748 1891 rei.
874 1818 1066 1891 Nam
1106 1818 1562 1914 philosophis
1622 1831 1863 1891 totum
1922 1818 2087 1906 hoc,
2149 1840 2426 1913 corpus

348 1931 749 2004 animatum
803 1932 1135 2003 sentiens
1191 1955 1423 2003 unum
1473 1955 1745 2004 nomen
1801 1944 1937 2019 est,
1994 1930 2165 2026 quia
2207 1928 2426 2001 unius

349 2045 481 2133 rei,
576 2046 925 2119 nimirum
1009 2045 1733 2141 uniuscujuscunque
1817 2043 2173 2132 animaIiS,
2264 2065 2426 2137 quae

349 2170 598 2231 tamen
650 2157 1152 2255 grammaticis
1212 2157 1355 2231 tria
1416 2171 1591 2230 sunt
1641 2157 1964 2230 nomina.
2090 2153 2426 2252 Simplex

350 2296 396 2343 a
454 2271 862 2369 composito
932 2295 1083 2344 non
1146 2270 1630 2367 distinguitur
1688 2283 1774 2343 ut
1824 2270 1899 2344 in
1946 2268 2430 2366 grammatica

338 2409 491 2482 per
515 2383 1155 2481 proepositionem.
1260 2382 1600 2480 Simplex
1633 2406 1904 2456 nomen
1956 2382 2077 2455 hic
2112 2382 2426 2478 appello,

350 2497 552 2594 quod
602 2497 679 2570 in
736 2520 1183 2593 unoquoque
1236 2519 1508 2594 genere
1548 2495 2223 2570 communissimum
2278 2495 2431 2569 sive

349 2611 1049 2685 universalissimum
1137 2624 1275 2684 est.
1411 2611 1919 2708 Compositum
1979 2635 2154 2685 vero
2231 2610 2430 2705 quod

348 2750 481 2822 per
513 2725 946 2821 adjunctum
1004 2724 1205 2797 aliud
1251 2748 1522 2797 nomen
1575 2726 1664 2798 fit
1708 2725 1950 2796 minus
1994 2723 2427 2813 universale,

350 2840 862 2936 significatque
913 2838 1161 2935 plures
1211 2851 1615 2935 conceptus
1672 2838 2003 2911 extitisse
2057 2837 2134 2910 in
2182 2837 2427 2911 animo

349 2965 653 3049 propter
688 2976 871 3048 quos
923 2952 1228 3025 nomina
1275 2952 1402 3024 illa
1451 2951 1867 3047 posteriora
1921 2951 2175 3024 addita
2230 2955 2430 3024 sunt.

350 3065 688 3162 Exempli
756 3089 999 3154 causa,
1069 3066 1148 3138 in
1218 3077 1586 3161 conceptu
1669 3065 1989 3139 hominis
2058 3065 2287 3160 (sicut
2351 3065 2431 3139 in

350 3181 728 3276 superiore
761 3180 1004 3277 capite
1056 3179 1464 3252 indicatum
1506 3179 1651 3274 est)
1704 3179 1984 3275 primus
2029 3189 2431 3274 conceptus

351 3305 487 3382 est,
524 3317 694 3365 eum
728 3292 1006 3389 aliquid
1051 3315 1208 3365 esse
1265 3303 1676 3381 extensum,
1742 3292 1862 3365 cui
1916 3290 2024 3363 rei
2083 3289 2431 3364 notandae

352 3405 762 3478 adhibitum
849 3417 965 3478 est
1049 3428 1322 3478 nomen
1411 3429 1689 3501 corpu-s·
1719 3432 1747 3486 ,·
1830 3404 2079 3500 itaque
2156 3428 2433 3501 corpu-s·

355 3531 465 3591 est
499 3543 769 3592 nomen
804 3518 1110 3615 simplex
1144 3517 1471 3614 positum
1526 3516 1808 3590 sciJicet
1856 3541 1993 3613 pro
2029 3516 2248 3589 unico
2305 3517 2430 3591 illo

351 3633 587 3729 primo
638 3644 1029 3727 conceptu,
1085 3631 1350 3704 deinde
1405 3654 1574 3702 cum
1634 3630 1849 3702 video
1912 3630 2110 3702 illam
2156 3630 2433 3702 moveri

354 3746 481 3819 tali
516 3745 763 3834 mod0‚
814 3745 999 3818 alius
1033 3744 1364 3818 nascitur
1399 3755 1825 3839 conceptuS,
1874 3755 2179 3840 propter
2215 3767 2430 3839 quem

353 3859 775 3932 nominatur
844 3883 1120 3956 corpus
1187 3856 1619 3946 animatum,
1702 3856 1901 3951 quod
1973 3882 2227 3930 nomen
2307 3856 2431 3930 hic

354 3972 830 4070 compositum
898 3968 1229 4069 appeZIO,
1291 3970 1484 4043 sicut
1541 3969 1765 4043 etiam
1824 3994 2094 4043 nomen
2152 3969 2437 4043 animal

355 4084 550 4180 quod
595 4083 908 4181 corpori
970 4082 1298 4155 animato
1360 4082 1773 4179 aequivalet.
1876 4083 2155 4156 Eodem
2209 4084 2430 4157 modo

352 4223 626 4295 corpus
713 4197 1115 4269 animatum
1197 4194 1576 4268 rationale
1641 4196 1926 4293 ipsique
1991 4197 2433 4293 aequivalens

1139 4405 1174 4439 ὓ
1219 4394 1363 4474 Cap.
1391 4400 1448 4465 3,
1476 4405 1581 4454 art.
1610 4402 1669 4457 4.
