3182 5102
381 682 424 735 P
432 683 559 732 ARS
594 684 635 733 1.

329 1886 516 1935 Verum
538 1893 587 1935 et

332 1951 510 1999 falsum
536 1952 588 1999 in

331 2017 562 2075 oratione,
587 2031 683 2064 non

334 2083 386 2130 In
407 2084 550 2130 rebus
572 2098 691 2131 esse.

730 464 823 528 32
1209 479 1740 532 COMPUTATJO
1780 480 1961 532 swa
2004 479 2329 531 LoomA.

727 659 1164 757 apparenti,
1228 660 1343 733 vel
1375 660 1600 753 ficto,
1651 661 1730 733 id
1783 673 2033 734 tamen
2068 661 2164 734 ad
2206 660 2598 734 veritatem
2631 683 2804 755 pro-

727 772 1115 869 positionis
1150 773 1620 846 referendum
1654 786 1767 847 est
1798 806 1816 859 余
1868 799 2042 848 nam
2075 775 2242 848 ideo
2280 773 2803 864 simulachrum

725 886 1044 960 hominis
1066 887 1143 958 in
1162 886 1485 983 specu10,
1506 887 1627 960 vel
1648 899 2045 985 spectrum,
2062 900 2379 985 negatur
2404 910 2563 960 esse
2584 911 2801 960 verus

727 998 975 1086 hom0,
1020 1010 1414 1095 propterea
1470 1000 1668 1095 quod
1714 1000 1876 1073 haec
1929 1001 2365 1097 propositio,
2424 1009 2802 1098 spectrum

727 1122 844 1186 est
875 1111 1109 1198 homo,
1156 1136 1333 1185 vera
1364 1137 1516 1186 non
1550 1128 1667 1186 est
1697 1145 1716 1198 余
1773 1137 1947 1187 nam
1973 1127 2059 1187 ut
2094 1127 2467 1210 spectrum
2513 1137 2666 1185 non
2704 1113 2802 1185 sit

724 1248 983 1297 verum
1018 1236 1416 1322 spectrum,
1463 1226 1719 1323 negari
1753 1250 1905 1299 non
1938 1238 2212 1323 potest.
2317 1226 2577 1321 Neque
2622 1250 2801 1323 ergo

724 1338 1022 1424 veritas,
1061 1339 1171 1411 rei
1222 1339 1517 1411 affectio
1565 1351 1702 1425 est,
1749 1340 1881 1412 sed
1921 1339 2473 1436 propositionis
2578 1338 2801 1413 Quod

725 1463 975 1524 autem
1010 1476 1055 1524 a
1091 1453 1613 1549 metaphysicis
1645 1452 1790 1525 dici
1817 1453 2008 1526 solet
2041 1478 2173 1524 ens
2205 1476 2418 1523 unum
2447 1461 2524 1523 et
2552 1477 2799 1523 verum

723 1564 921 1637 idem
967 1576 1163 1654 sunt,
1213 1566 1690 1662 nugatorium
1724 1576 1803 1639 et
1836 1565 2116 1661 puerile
2174 1577 2337 1649 est3
2405 1564 2567 1660 quis
2603 1565 2799 1637 enim

722 1677 984 1762 nescit,
1019 1678 1418 1767 hominem,
1455 1689 1533 1751 et
1564 1703 1798 1751 unum
1830 1678 2206 1752 hominem
2243 1690 2319 1751 et
2350 1701 2525 1751 vere
2560 1678 2801 1752 homi-

721 1814 894 1863 nem
928 1791 1128 1863 idem
1163 1816 1447 1866 sonare.

826 1912 894 1977 8.
950 1905 1399 2002 Intelligitur
1421 1905 1599 1979 hinc
1620 1906 1916 1979 veritati
1938 1914 2014 1978 et
2040 1905 2347 1979 falsitati
2375 1904 2618 1977 locum
2648 1930 2800 1977 non

725 2039 910 2100 esse,
945 2017 1089 2091 nisi
1122 2017 1199 2090 in
1234 2018 1324 2091 iis
1358 2019 1856 2091 animantibus
1906 2018 2032 2114 qui
2084 2018 2421 2091 oratione
2460 2029 2798 2090 utuntur.

723 2129 883 2202 Etsi
920 2131 1117 2202 enim
1164 2131 1509 2204 animalia
1557 2131 1915 2204 orationis
1964 2131 2318 2227 expertia,
2353 2130 2671 2204 hominis
2708 2131 2800 2203 si-

721 2243 1184 2316 mulachrum
1216 2244 1294 2316 in
1330 2244 1628 2340 speculo
1670 2243 2105 2340 aspicientia
2152 2243 2494 2316 similiter
2534 2244 2801 2316 affecta

726 2379 885 2429 esse
918 2356 1229 2453 possint,
1267 2381 1355 2429 ac
1392 2357 1453 2429 si
1488 2357 1731 2454 ipsum
1763 2357 2138 2430 hominem
2170 2356 2552 2446 vidissent,
2591 2368 2668 2429 et
2701 2357 2796 2430 ob

726 2492 889 2542 eam
934 2494 1228 2543 causam
1269 2469 1545 2543 frustra
1579 2494 1749 2544 eum
1783 2482 2222 2558 metuerent,
2262 2470 2381 2542 vel
2414 2470 2796 2543 abblandi-

723 2596 1006 2674 rentur,
1077 2608 1233 2657 rem
1293 2597 1543 2658 tamen
1603 2608 1755 2658 non
1816 2584 2382 2682 apprehendunt
2441 2596 2794 2681 tanquam

722 2720 972 2769 veram
1006 2710 1137 2770 aut
1162 2697 1445 2787 falsam,
1475 2697 1605 2770 sed
1636 2709 1927 2770 tantum
1961 2708 2048 2769 ut
2073 2696 2407 2783 similem,
2442 2721 2682 2793 neque
2716 2697 2794 2770 in

721 2832 809 2881 eo
844 2809 1222 2883 falluntur.
1328 2809 1969 2884 Quemadmodum
1997 2808 2225 2905 igitur
2259 2810 2580 2883 orationi
2605 2811 2794 2883 bene

653 2993 675 3010 ,
718 2922 1116 2997 intellectae
1152 2923 1427 2996 debent
1459 2923 1823 3012 homineS,
1868 2922 2215 3019 quicquid
2255 2935 2460 2996 recte
2494 2923 2794 2996 ratioci-

718 3047 1037 3121 nantur3
1094 3036 1201 3109 ita
1248 3036 1485 3109 eidem
1534 3059 1829 3133 quoque
1863 3035 2051 3108 male
2087 3035 2484 3109 intellectae
2520 3037 2794 3110 debent

720 3171 1006 3222 errores
1060 3173 1231 3221 suos
1270 3180 1289 3233 余
1346 3160 1425 3221 et
1464 3161 1552 3222 ut
1590 3148 2076 3246 philosophiae
2132 3148 2380 3235 decuS,
2429 3150 2536 3222 ita
2569 3150 2794 3221 etiam

719 3261 1206 3335 absurdorum
1267 3261 1698 3358 dogmatum
1760 3260 2143 3357 turpitudo
2200 3262 2374 3334 solis
2435 3262 2795 3358 competit

717 3373 1160 3448 hominibus.
1266 3376 1518 3448 Habet
1546 3375 1743 3447 enim
1771 3375 2009 3448 oratio
2037 3374 2266 3471 (quod
2300 3374 2581 3448 dictum
2617 3375 2792 3448 olim

717 3499 833 3560 est
867 3488 959 3561 de
996 3487 1296 3561 Solonis
1339 3488 1654 3585 legibus)
1698 3487 1932 3561 simile
1971 3488 2251 3583 aliquid
2284 3488 2453 3562 telae
2488 3482 2791 3562 aranea-

715 3625 879 3673 rum
906 3632 924 3685 余
977 3625 1150 3675 nam
1176 3602 1464 3675 haerent
1490 3602 1569 3674 in
1598 3602 1840 3674 verbis
1869 3613 1947 3673 et
1973 3601 2467 3698 illaqueantur
2493 3604 2794 3699 ingenia

717 3725 975 3787 tenera
1009 3725 1085 3786 et
1116 3713 1523 3803 fastidiosa,
1558 3714 1785 3787 fortia
1818 3723 2066 3786 autem
2100 3726 2611 3810 perrumpunt.

813 3827 1098 3901 Deduci
1147 3827 1322 3900 hinc
1377 3851 1670 3924 quoque
1723 3838 1997 3923 potest,
2053 3828 2404 3900 veritates
2460 3827 2788 3900 omnium

713 3940 1011 4036 primaS,
1056 3953 1259 4014 ortas
1307 3965 1466 4014 esse
1508 3942 1603 4014 ab
1652 3941 1960 4014 arbitrio
2012 3965 2265 4014 eorum
2315 3941 2441 4036 qui
2485 3940 2789 4013 nomina

712 4055 933 4127 rebus
959 4054 1178 4150 primi
1207 4055 1742 4150 imposuerunt,
1766 4053 1883 4125 vel
1911 4054 2004 4126 ab
2032 4054 2191 4126 aliis
2219 4054 2464 4150 posita
2483 4077 2785 4149 accepe-

713 4179 911 4240 runt.
1025 4167 1218 4239 Nam
1278 4167 1596 4263 exempli
1659 4190 1882 4240 causa
1945 4189 2202 4239 verum
2260 4178 2373 4239 est
2429 4166 2785 4238 hominem

710 4305 875 4352 esse
911 4280 1217 4370 animal,
1259 4279 1426 4354 ideo
1478 4281 1651 4377 quia
1701 4281 1938 4354 eidem
1975 4280 2082 4352 rei
2127 4279 2274 4353 duo
2324 4280 2450 4353 illa
2480 4279 2789 4354 nomina

709 4392 987 4488 imponi
1021 4392 1322 4489 placuit.
