3182 5102
930 488 1037 538 DE
1076 488 1285 540 Loco
1325 489 1425 540 ET
1461 489 1875 543 TEMPORE.
2340 474 2434 540 89

367 678 459 726 an
492 653 810 726 mundus
857 654 955 728 sit
998 655 1252 728 finitus
1301 681 1395 728 an
1444 657 1801 746 infinitUS,
1859 656 2043 730 nihil
2078 656 2155 727 in
2190 656 2436 728 animo
2509 661 2683 710 PARS
2720 659 2793 707 11·

2638 727 2682 777 7.

366 781 479 840 est
506 769 643 841 sub
677 792 858 841 voce
892 769 1221 859 mundm,
1271 770 1621 867 quicquid
1679 772 1874 843 enim
1922 770 2435 866 imaginamur,
2527 797 2773 832 »Ἶ-ν

366 905 452 954 eo
489 881 649 977 ipso
699 881 990 953 finitum
1042 895 1179 970 est,
1233 882 1384 954 sive
1436 883 1531 955 ad
1585 884 1835 956 stellas
1890 884 2074 956 fixas
2130 883 2282 954 sive
2342 882 2440 955 ad

363 994 724 1090 sphaeram
751 1019 1046 1082 nonam,
1079 995 1460 1084 decimam,
1489 996 1608 1069 vel
1636 996 1950 1093 denique
1978 995 2441 1068 millesimam

365 1119 895 1204 computemus.
999 1109 1375 1183 Quaeritur
1427 1109 1570 1183 hoc
1627 1110 1886 1199 solum,
1937 1134 2033 1183 an
2082 1120 2441 1205 quantum

363 1244 498 1294 nos
533 1222 853 1318 spatium
887 1222 1126 1352 spatio
1159 1221 1429 1295 addere
1454 1243 1869 1319 possumuS,
1908 1233 2199 1295 tantum
2235 1222 2439 1295 Deus

369 1358 634 1431 corpus
669 1336 963 1431 corpori
997 1348 1172 1408 actu
1208 1336 1651 1431 adjunxerit.

476 1449 898 1544 13.1taque
961 1449 1158 1545 quod
1206 1449 1352 1523 dici
1405 1450 1595 1523 solet
1645 1448 1965 1546 spatium
2021 1459 2097 1520 et
2150 1458 2440 1542 tempus
2466 1461 2580 1510 Non
2600 1461 2702 1508 dari

2464 1527 2726 1575 minimum

369 1562 593 1635 dividi
626 1585 843 1659 posse
876 1563 955 1634 in
987 1562 1385 1650 infinitum,
1420 1587 1573 1636 non
1610 1562 1717 1635 ita
1750 1560 2264 1657 accipiendum
2300 1569 2439 1648 est,
2465 1591 2587 1640 ὠή.
2589 1591 2654 1639 m,
2655 1590 2718 1638 ιε,

370 1700 456 1748 ac
522 1675 585 1748 si
641 1677 855 1748 fieret
920 1676 1166 1772 aliqua
1238 1675 1532 1749 infinita
1599 1676 1752 1749 sive
1818 1687 2099 1748 aeterna
2154 1671 2442 1757 divisio,

371 1813 624 1863 sensus
693 1792 848 1885 ejus
920 1790 1122 1880 dicti,
1192 1789 1454 1862 melius
1511 1789 1922 1886 explicatur
1989 1789 2131 1861 hoc
2193 1786 2441 1876 mod0,

371 1903 730 2000 qui-cquid
793 1903 1183 1990 dividitur,
1254 1903 1621 1976 dividitur
1692 1904 1767 1975 in
1826 1911 2107 2000 partes
2175 1923 2442 1972 rursus

373 2015 787 2089 divisibiles
813 2044 841 2100 ,·
893 2017 1009 2089 vel
1045 2017 1174 2105 sic,
1204 2041 1345 2089 non
1381 2017 1612 2090 datur
1640 2015 2005 2087 minimum
2041 2011 2439 2100 divisibile,

372 2129 511 2218 vel,
547 2140 632 2202 ut
663 2141 1062 2226 geometrae
1094 2129 1426 2226 plerique
1462 2129 1878 2215 enuntiant,
1914 2126 2175 2224 quavis
2210 2149 2442 2222 quan-

375 2243 599 2315 titate
649 2244 837 2316 data
890 2244 1077 2315 sumi
1117 2267 1352 2341 posse
1412 2243 1786 2331 minorem,
1842 2241 1916 2314 id
1981 2240 2180 2337 quod
2230 2238 2444 2312 facile

376 2349 862 2430 demonstrari
902 2369 1151 2453 potest
1205 2357 1334 2430 sic.
1437 2355 1635 2428 Nam
1689 2355 2003 2428 divisum
2059 2353 2156 2427 sit
2190 2352 2447 2426 datum

375 2469 693 2567 spatium
760 2470 877 2542 vel
943 2482 1233 2567 tempus
1303 2469 1686 2567 quodlibet
1754 2467 1986 2565 (quod
2044 2468 2446 2565 putabatur

377 2608 533 2657 esse
567 2584 950 2657 minimum
986 2584 1378 2679 divisibile)
1419 2583 1498 2656 in
1534 2583 1716 2656 duas
1743 2595 1992 2679 partes
2027 2583 2341 2679 aequales
2375 2582 2444 2653 A

377 2709 452 2769 et
488 2697 573 2786 B,
625 2697 790 2770 dico
840 2697 1199 2770 utramvis
1248 2709 1537 2793 partem
1587 2708 1771 2793 puta
1810 2697 1879 2768 A
1925 2719 2142 2792 posse
2191 2719 2445 2767 rursus

378 2810 603 2883 dividi
628 2840 648 2893 ;
701 2822 1159 2905 supponatur
1188 2810 1381 2881 enim
1410 2825 1698 2905 partem
1731 2810 1800 2881 A
1828 2810 2255 2905 contiguam
2288 2831 2447 2881 esse

377 2922 550 2995 hinc
586 2921 883 3018 quidem
917 2922 1115 3018 parti
1151 2922 1234 3011 B,
1272 2921 1474 2995 illinc
1508 2946 1685 2995 vero
1726 2922 1940 2995 alteri
1976 2922 2214 3018 spatio
2250 2921 2448 3018 quod

378 3035 476 3107 sit
510 3035 653 3132 ipsi
687 3035 749 3107 B
785 3035 1087 3131 aequale,
1132 3048 1375 3108 totum
1423 3059 1600 3132 ergo
1649 3036 1791 3109 hoc
1846 3035 2164 3132 spatium
2217 3035 2450 3130 (quod

376 3146 551 3221 dato
611 3149 846 3242 majus
900 3149 1043 3243 est)
1104 3148 1464 3222 divisibile
1529 3173 1821 3247 quoque
1869 3160 2004 3221 est.
2106 3149 2214 3221 Eo
2271 3171 2448 3244 ergo

376 3260 613 3334 diviso
653 3261 730 3332 in
786 3260 931 3334 duo
974 3262 1306 3357 aequalia,
1358 3261 1580 3335 etiam
1614 3262 1683 3333 A
1717 3261 1915 3357 quod
1947 3261 2025 3333 in
2057 3260 2300 3333 medio
2336 3273 2453 3333 est

376 3374 452 3447 in
488 3374 637 3448 duo
674 3374 982 3470 aequalia
1016 3374 1408 3465 dividetur,
1446 3388 1607 3448 erat
1649 3398 1825 3470 ergo
1861 3375 1930 3448 A
1963 3373 2348 3447 divisibile.
