3182 5102
1113 482 1221 533 DE
1261 483 1815 542 QUANTITATE.
2368 473 2500 538 125

430 647 779 721 sistente:
852 649 1175 721 secundo
1227 673 1361 745 per
1411 651 1979 748 appositionem,
2059 662 2146 723 ut
2210 652 2503 744 quando
2571 660 2741 709 PARS
2777 656 2849 710 11.

430 760 627 832 linea
656 761 893 849 lineae,
929 761 1007 834 id
1041 775 1177 850 est,
1229 762 1617 859 longitudo
1666 763 2137 858 longitudini,
2188 763 2502 837 latitudo
2561 728 2843 831 ss

429 874 829 963 latitudini,
867 876 1236 948 crassities
1273 875 1632 949 crassitiei
1668 876 2119 974 adjungitur,
2155 877 2355 972 quod
2392 891 2506 951 est

430 988 704 1059 lineam
733 1011 866 1083 per
897 1000 1198 1083 puncta,
1236 990 1702 1085 superficiem
1733 1013 1866 1084 per
1899 989 2154 1079 lineaS,
2192 990 2508 1063 solidum

433 1125 566 1196 per
600 1101 1024 1196 superficies
1062 1101 1522 1183 describere;
1579 1099 1719 1172 nisi
1772 1100 1973 1194 quod
2021 1126 2155 1197 per
2205 1114 2507 1198 puncta,

434 1214 577 1286 hoc
610 1213 774 1286 loco
810 1213 1022 1286 lineae
1056 1214 1269 1286 valde
1302 1214 1586 1302 breves,
1625 1238 1758 1309 per
1794 1215 2238 1310 superficieS,
2275 1210 2509 1288 solida

436 1328 689 1400 tenuia
762 1327 1241 1423 intelligenda
1320 1328 1470 1399 sint
1500 1354 1516 1398 ι
1582 1327 1805 1399 tertio
1875 1329 2143 1423 exponi
2201 1342 2510 1424 possunt

434 1439 649 1513 lineae
674 1453 751 1513 et
779 1441 1200 1535 superficies
1238 1463 1370 1536 per
1400 1440 1790 1528 sectiones,
1820 1440 2165 1512 nimirum
2192 1439 2510 1514 secando

438 1554 898 1650 superficiem
928 1554 1336 1649 expositam
1369 1555 1457 1627 fit
1491 1553 1708 1642 linea,
1738 1564 1814 1625 et
1850 1553 2167 1627 secando
2198 1553 2506 1627 solidum

436 1669 524 1738 fit
558 1667 1007 1762 superficies,

538 1791 610 1852 4.
661 1781 1076 1876 Exponitur
1126 1793 1440 1876 tempuS,
1478 1781 1774 1874 quando
1819 1803 1971 1852 non
2025 1779 2262 1851 solum
2296 1803 2513 1875 expo·
2540 1790 2797 1868 Quompdo

438 1894 642 1966 nitur
674 1894 870 1966 linea
906 1893 1280 1989 quaelibet,
1317 1893 1449 1966 sed
1484 1894 1709 1965 etiam
1753 1892 2025 1965 mobile
2062 1892 2262 1986 quod
2296 1916 2514 1989 super
2539 1866 2792 1985 {ssffiffim

442 2033 604 2080 eam
638 2021 1023 2080 moveatur
1055 2006 1546 2094 uniformiter,
1588 2007 1705 2079 vel
1756 2006 1864 2079 ita
1914 2005 2192 2078 moveri
2246 2029 2515 2102 suppo-

443 2135 695 2202 natur;
729 2144 903 2192 nam
935 2144 1104 2192 cum
1134 2131 1423 2216 tempus
1454 2121 1551 2192 sit
1579 2121 1822 2215 imago
1851 2132 2121 2208 motUS,
2151 2130 2514 2213 quatenus

442 2234 520 2306 in
582 2258 669 2306 eo
733 2233 1245 2306 consideratur
1305 2234 1510 2329 prius
1567 2247 1645 2305 et
1704 2232 2098 2329 posterius»,
2165 2231 2309 2304 hoc
2377 2244 2514 2320 est,

443 2347 835 2434 successio,
880 2370 1031 2418 non
1085 2347 1356 2419 sufficit
1406 2347 1501 2418 ad
1549 2346 2083 2441 expositionem
2137 2345 2514 2440 temporis»,

443 2473 530 2531 ut
573 2459 769 2531 linea
825 2458 1308 2546 describatur,
1360 2460 1490 2531 sed
1552 2459 1776 2531 etiam
1828 2470 1914 2530 ut
1975 2458 2073 2529 sit
2131 2456 2208 2529 in
2268 2457 2513 2530 animo

445 2573 872 2669 imaginatio
908 2573 1215 2669 alicujils
1249 2573 1541 2646 mobilis
1575 2596 1710 2669 per
1743 2572 1943 2646 illam
1978 2571 2246 2644 lineam
2275 2584 2516 2645 trans-

448 2686 714 2774 euntiS,
773 2687 996 2781 idque
1062 2698 1272 2759 motu
1328 2686 1701 2774 uniformi,
1785 2697 1871 2758 ut
1940 2698 2228 2780 tempus
2283 2686 2518 2782 possit

449 2798 676 2871 dividi
710 2812 787 2871 et
828 2800 1171 2894 componi
1224 2799 1515 2892 quoties
1567 2822 1754 2894 opus
1796 2812 1929 2871 est.
2036 2798 2298 2892 Itaque
2348 2822 2513 2870 cum

447 2911 866 3009 philosophi
921 2912 997 2984 in
1054 2911 1805 2985 demonstrationibus
1864 2911 2013 2983 suis
2076 2910 2347 2984 lineam
2392 2912 2518 2984 de-

451 3025 769 3116 signant,
857 3023 1263 3118 dicuntque
1329 3034 1487 3096 esto
1557 3022 1696 3095 illa
1768 3022 1971 3094 linea
2039 3033 2345 3121 tempu-5¹,
2414 3023 2523 3096 ita

449 3136 907 3233 intelligendi
958 3150 1133 3209 sunt
1186 3162 1273 3209 ac
1329 3137 1389 3210 si
1446 3137 1778 3209 dicerent
1841 3137 2226 3234 conceptio
2286 3147 2519 3208 motus

449 3249 842 3348 uniformis
880 3273 1035 3347 per
1089 3248 1298 3321 illam
1351 3249 1647 3336 lineam,
1704 3257 1863 3320 esto
1916 3258 2225 3346 tempus.
2327 3249 2521 3321 Nam

449 3362 1002 3459 horologiorum
1096 3360 1708 3434 circumferentiae
1803 3360 2002 3448 solae,
2078 3385 2521 3455 quamquam

452 3478 664 3550 lineae
699 3476 871 3562 sint,
911 3486 1158 3547 tamen
1194 3473 1288 3546 ad
1334 3472 1663 3546 notanda
1708 3483 2065 3568 tempora,
2102 3473 2244 3547 nisi
2275 3487 2521 3547 motus

455 3590 677 3662 etiam
726 3587 1006 3659 umbrae
1054 3585 1166 3659 vel
1212 3586 1474 3659 indicis
1521 3585 1639 3658 vel
1696 3586 1817 3673 sit,
1874 3584 1988 3657 vel
2042 3599 2519 3682 supponatur,

454 3703 723 3798 ineptae
758 3711 957 3772 sunt.

557 3825 624 3887 5.
677 3812 1093 3908 Exponitur
1147 3834 1494 3884 numerus
1548 3835 1681 3907 per
1728 3810 2260 3906 expositionem
2292 3836 2522 3907 punc·
2548 3826 2805 3905 Quom-odo

456 3941 724 4012 torum,
745 3925 861 3998 vel
896 3925 1119 3998 etiam
1155 3925 1532 3997 nominum
1553 3924 2061 4012 numeralium,
2091 3949 2327 4014 unum,
2356 3926 2522 4016 duo,
2547 3902 2803 4007 ffissffissf

457 4042 638 4130 tria,
674 4037 810 4131 ᾇτ’.
848 4050 926 4111 et
955 4049 1236 4134 puncta
1269 4037 1394 4110 illa
1426 4038 1721 4132 quidem
1756 4062 1908 4110 non
1942 4039 2214 4112 debent
2246 4039 2353 4111 ita
2387 4039 2526 4112 sibi

456 4154 770 4227 invicem
800 4174 960 4225 esse
982 4151 1356 4247 contigua,
1385 4163 1469 4223 ut
1490 4150 1710 4222 nullis
1735 4150 1932 4224 notis
1954 4151 2525 4247 distinguantur,

458 4268 587 4340 sed
621 4268 731 4340 ita
759 4266 1006 4362 posita
1039 4277 1126 4337 ut
1161 4264 1490 4337 discerni
1523 4264 1835 4360 possint.
1939 4265 2119 4338 Inde
2175 4266 2369 4338 enim
2416 4280 2530 4340 est

459 4381 656 4475 quod
721 4402 1072 4453 numerus
1127 4390 1431 4452 vocetur
1491 4377 1863 4472 quantitas
1932 4378 2292 4470 discreta,
2363 4404 2529 4453 cum
