3182 5102
738 450 885 519 256
1239 463 1347 515 m:
1387 463 1897 515 RATIONIBUS
1935 464 2323 516 Mo‘rumu.

386 640 561 691 PARS
606 641 710 691 ¹11·
740 643 1217 729 geometram,
1280 631 1411 704 sed
1461 632 1828 728 synthesis
1881 631 2240 729 incipiens
2291 632 2384 705 ab
2435 632 2610 759 ipsis
2678 631 2824 703 ele-

398 708 682 812 »ἓξ-κ
737 746 1027 835 mentiS,
1074 757 1149 818 et
1193 745 1289 818 ad
1339 746 1702 818 elementa
1749 745 2106 818 accedens
2156 745 2441 842 logicus
2495 746 2819 840 ipsorum

324 844 553 975 ssffissif
471 926 565 958 em
566 854 662 976 ξῖυ.
650 913 716 963 Ἡ.
740 881 938 931 usus,
1040 858 1234 930 Vera
1268 858 1465 931 enim
1516 858 1819 930 traditio
1853 858 2278 954 geometriae
2312 870 2423 930 est
2470 880 2602 953 per
2650 880 2823 951 syn-

742 971 1007 1060 thesim
1069 970 1418 1044 methodo
1481 993 1701 1066 quam
1761 970 2016 1043 docuit
2078 970 2442 1043 Euclides.
2545 969 2640 1041 Et
2692 969 2818 1064 qui

743 1084 1122 1158 Euclidem
1156 1084 1589 1181 magistrum
1640 1082 1886 1170 habet,
1933 1094 2314 1178 geometra
2363 1082 2521 1154 fieri
2577 1093 2825 1177 potest

746 1199 902 1271 sine
942 1198 1158 1270 Vieta
1212 1197 1384 1289 (etsi
1417 1197 1633 1270 Vieta
1666 1211 1825 1269 erat
1874 1207 2254 1292 geometra
2311 1195 2527 1292 plane
2589 1194 2825 1267 admi-

748 1310 1074 1405 rabilis);
1144 1311 1273 1383 sed
1342 1311 1465 1407 qui
1534 1311 1823 1383 Vietam
1876 1310 2306 1406 magistrum
2358 1309 2602 1396 habet,
2667 1309 2826 1381 sine

747 1424 1049 1498 Euclide
1082 1449 1233 1497 non
1268 1425 1465 1497 item.

845 1537 1255 1634 Analyticae
1281 1548 1527 1610 autem
1555 1561 1644 1610 ea
1668 1562 1863 1634 pars,
1900 1561 2065 1633 quae
2100 1550 2210 1609 est
2237 1560 2369 1632 per
2401 1547 2824 1632 Ροϊεεωῐεε,

747 1652 886 1724 etsi
922 1650 1358 1747 quibusdam
1383 1651 1801 1747 geometris,
1841 1676 1987 1724 non
2010 1651 2152 1722 illis
2179 1674 2267 1722 ex
2304 1650 2542 1746 prima
2569 1649 2823 1735 classe,

750 1763 847 1837 ad
877 1763 1333 1859 problemata
1365 1763 1635 1847 omnia,
1687 1786 2143 1859 quaecunque
2178 1762 2303 1834 illa
2345 1762 2643 1849 fuerint,
2680 1760 2826 1833 sol-

750 1877 990 1950 venda
1054 1876 1320 1950 idonea
1384 1876 1540 1948 visa
1601 1888 1735 1960 est,
1808 1887 2124 1972 angusta
2194 1887 2443 1947 tamen
2504 1899 2621 1946 res
2683 1886 2822 1946 est.

752 1990 946 2063 Nam
997 1990 1415 2062 continetur
1449 1988 1686 2062 omnis
1720 1990 1797 2061 in
1834 1989 2175 2061 doctrina
2225 1988 2824 2084 rectangulorum

752 2116 827 2177 et
852 2103 1298 2200 rectangulis
1333 2114 1852 2176 contentorum
1887 2102 2317 2184 solidorum;
2372 2101 2556 2174 adeo
2577 2113 2665 2174 ut
2685 2101 2827 2173 etsi

749 2217 1192 2291 venerintad
1201 2217 1718 2311 aequationem,
1742 2240 1904 2313 quae
1927 2216 2416 2313 quantitatem
2438 2216 2825 2310 quaesitam

752 2330 1218 2414 determinat,
1294 2329 1373 2401 in
1446 2330 1669 2425 plano
1749 2341 1997 2401 tamen
2084 2353 2246 2401 eam
2334 2329 2824 2423 quantitatem

751 2441 1142 2537 aliquando
1177 2441 1521 2514 exhibere
1554 2465 1688 2537 per
1725 2453 1959 2513 artem
1997 2466 2147 2514 non
2192 2453 2525 2537 possunt,
2569 2442 2699 2514 sed
2745 2441 2823 2514 in

751 2556 1078 2628 sectione
1113 2555 1359 2650 aliqua
1387 2554 1668 2641 conica,
1706 2553 1785 2626 id
1820 2566 1954 2642 est,
1989 2565 2073 2626 ut
2106 2567 2506 2650 geometrae
2541 2555 2821 2643 dicunt,

749 2690 900 2740 non
921 2668 1369 2763 geometrice
1396 2667 1526 2740 sed
1551 2667 2001 2739 mechanice.
2108 2668 2554 2764 Hujusmodi
2574 2681 2823 2741 autem

750 2780 1209 2875 problemata
1242 2780 1476 2852 solida
1510 2779 1909 2876 appellant,
1949 2793 2025 2853 et
2069 2779 2364 2876 quando
2407 2805 2646 2877 neque
2682 2806 2824 2877 ope

752 2893 1099 2967 sectionis
1136 2894 1415 2966 conicae
1450 2894 1797 2966 exhibere
1850 2918 2012 2965 eam
2061 2907 2398 2989 possunt,
2445 2895 2826 2990 problema

749 3007 1125 3103 appellant
1168 3007 1466 3079 lineare.
1575 3007 1834 3101 Itaque
1876 3006 1952 3078 in
2001 3006 2540 3102 quantitatibus
2591 3032 2822 3104 angu-

748 3119 987 3191 lorum
1078 3131 1154 3192 et
1228 3144 1532 3192 arcuum
1618 3119 1897 3207 circuli,
1982 3143 2159 3193 usus
2228 3121 2613 3217 analyticae
2688 3145 2824 3217 per

749 3244 1157 3327 potestates
1226 3234 1467 3306 nullus
1536 3246 1672 3306 est.
1788 3233 2096 3329 Antiqui
2163 3234 2393 3330 igitur
2460 3234 2823 3307 sectiones

750 3345 1211 3441 angulorum,
1267 3347 1465 3418 ultra
1519 3347 2001 3420 bisectionem
2066 3359 2143 3420 et
2194 3347 2821 3444 bisegmentorum

748 3459 1217 3548 bisectioneS‚
1264 3460 1341 3532 in
1374 3460 1616 3556 plano
1660 3461 1799 3533 nisi
1834 3461 2259 3534 mechanice
2306 3463 2651 3536 exhibere
2684 3462 2823 3534 im-

749 3572 1098 3668 possibile
1132 3596 1291 3645 esse
1327 3573 1925 3669 pronuntiarunt.
2031 3573 2225 3646 Nam
2277 3575 2565 3671 Pappus
2616 3575 2821 3668 (ante

748 3686 1328 3782 propositionem
1357 3696 1476 3775 31,
1505 3686 1677 3759 libri
1698 3687 1843 3778 IV.)
1876 3685 2335 3783 distinguens
2363 3705 2440 3760 et
2467 3688 2821 3762 definiens

748 3822 1027 3894 genera
1092 3798 1656 3894 problematum,
1725 3798 1888 3871 alia
1959 3799 2255 3896 quidem
2315 3801 2590 3899 plana,
2657 3801 2820 3875 alia

751 3910 1025 3999 solida,
1056 3911 1217 3983 alia
1244 3909 1569 3984 linearia
1601 3912 1992 4010 appellari
2020 3913 2281 4008 inquit.
2365 3914 2547 3999 Quae
2576 3914 2821 4011 igitur

738 4049 892 4121 per
925 4035 1183 4098 rectas
1219 4023 1460 4097 linea-s·
1495 4036 1571 4098 et
1607 4025 1878 4098 circuli
1919 4026 2600 4124 circumferentiam
2631 4026 2822 4100 solvi

738 4147 1061 4233 possunt
1102 4137 1209 4231 (id
1244 4151 1380 4227 est,
1420 4162 1583 4234 quae
1620 4138 1877 4235 regula
1911 4151 1985 4211 et
2020 4139 2321 4228 circino,
2358 4140 2634 4234 absque
2674 4140 2820 4212 alio

750 4249 1265 4340 instrumento,
1337 4250 1656 4326 describi
1729 4255 2070 4349 possunt)
2145 4255 2409 4326 merito
2472 4254 2823 4326 dicuntur
