3182 5102
702 444 807 493 DE
849 445 1182 496 CAETERA
1221 446 1583 497 MOTUUM
1626 441 2115 493 vAmnTA'rE.
2302 423 2444 500 277

380 607 459 678 Μ
485 606 577 697 Q,
637 610 697 681 L
719 610 775 682 P
833 612 973 707 ipsi
1046 613 1103 684 Β
1128 615 1196 685 K
1257 613 1663 710 parallelaS.
1765 610 2145 707 Temporis
2197 626 2443 683 autem
2510 614 2683 662 PARS
2709 614 2810 664 ¹¹1·

377 743 720 795 mensura
780 724 877 796 sit
940 725 999 796 B
1022 725 1107 814 G,
1179 750 1342 822 quae
1411 723 1763 798 dividitur
1827 723 2162 797 bifariam
2224 723 2299 794 in
2362 724 2445 795 E.
2526 682 2771 783 L

375 833 736 931 Tempore
771 861 946 934 ergo
985 839 1044 909 Β
1068 840 1128 911 Ε
1163 850 1684 935 promoveatur
1708 851 2064 936 punctum
2101 837 2160 908 B
2196 836 2291 908 ad
2327 836 2443 907 H:
2471 820 2554 867 ΜΟ
2472 826 2799 947 fflJuffldffi

379 971 603 1043 quare
663 951 920 1024 eodem
975 965 1306 1049 tempore
1353 977 1398 1024 a
1431 967 1653 1024 vento
1709 951 1935 1023 flante
1985 974 2117 1047 per
2165 949 2231 1022 D
2255 950 2335 1021 M
2374 962 2449 1021 et
2472 964 2564 1012 ‘’PP
2523 950 2744 1062 ssgnffn

379 1061 496 1133 FL
529 1075 605 1135 et
640 1077 944 1138 caeteras
973 1090 1153 1162 quas
1190 1066 1491 1139 libuerit
1527 1065 1849 1138 ducere
1829 1064 2006 1160 ipsis
2038 1063 2445 1160 parallelaS,

381 1186 539 1248 tota
578 1178 783 1250 navis
838 1179 1329 1275 applicabitur
1370 1191 1593 1250 rectae
1652 1178 1724 1249 H
1752 1177 1846 1249 N.
1952 1176 2139 1249 Item
2192 1176 2268 1248 in
2302 1176 2448 1248 fine

377 1290 728 1384 temporis
785 1292 1088 1364 secundi
1148 1293 1207 1364 Ε
1230 1293 1315 1382 G,
1368 1292 1624 1365 eadem
1687 1291 1893 1364 navis
1961 1290 2450 1387 applicabitur

375 1414 596 1475 rectae
653 1403 718 1475 K
745 1404 832 1477 O.
940 1405 1242 1500 Semper
1298 1428 1473 1501 ergo
1534 1404 1886 1500 procedet
1946 1403 2152 1475 navis
2199 1426 2451 1475 versus

374 1515 768 1602 anteriora,
822 1517 1096 1590 faciens
1156 1517 1505 1613 angulum
1553 1515 1650 1590 ad
1702 1529 2027 1604 ventum,
2096 1516 2451 1612 aequalem

375 1628 643 1723 angulo
692 1630 757 1701 A
784 1629 843 1700 B
869 1631 928 1701 C
993 1629 1661 1725 quantulocunque,
1716 1643 1791 1701 et
1819 1629 2123 1725 singulis
2167 1641 2450 1724 tempo-

375 1740 574 1813 ribus
625 1753 914 1815 tantum
970 1754 1247 1839 quanta
1304 1756 1418 1816 est
1476 1758 1685 1815 recta
1749 1743 1809 1814 E
1836 1743 1933 1814 H.
2037 1743 2283 1838 Atque
2344 1740 2449 1814 sic

376 1853 671 1948 quidem
705 1880 781 1928 se
817 1881 934 1930 res
985 1858 1231 1945 habet,
1293 1856 1671 1953 supposito
1723 1854 1922 1951 quod
1953 1855 2159 1928 navis
2194 1853 2447 1928 eadem

376 1968 751 2042 celeritate
821 1971 1098 2043 moveri
1147 1970 1380 2065 possit
1431 1968 1834 2042 lateraliter
1884 1993 1928 2041 a
1994 1969 2051 2040 B
2074 1970 2145 2041 A
2193 1990 2445 2040 versus

377 2084 443 2154 K
472 2083 560 2170 O,
617 2108 762 2179 qua
816 2085 1190 2157 celeritate
1246 2097 1584 2155 movetur
1646 2095 2064 2155 antrorsum
2128 2083 2206 2154 in
2270 2083 2325 2152 B
2355 2083 2443 2154 A.

377 2195 523 2268 Sed
554 2197 714 2268 fieri
745 2197 889 2269 hoc
923 2221 1074 2271 non
1107 2208 1379 2292 potest,
1411 2207 1717 2292 propter
1750 2194 1963 2267 molis
1986 2218 2196 2290 aquae
2231 2194 2445 2267 lateri

371 2308 757 2381 innitentis
792 2310 1310 2399 resistentiam,
1337 2334 1498 2405 quae
1528 2308 1826 2404 quidem
1852 2332 2006 2404 prae
2028 2307 2448 2381 resistentia

372 2422 682 2497 tantillae
738 2447 946 2519 aquae
1000 2448 1239 2520 prorae
1293 2422 1679 2495 innitentis
1727 2446 1996 2517 magna
2053 2433 2189 2510 est,
2259 2420 2443 2494 adeo

372 2548 457 2609 ut
482 2536 689 2610 navis
722 2535 1240 2634 progrediatur
1264 2559 1515 2609 versus
1570 2535 1804 2608 latera
1828 2535 1947 2608 vix
1978 2534 2441 2608 sensibiliter.

375 2649 729 2721 Procedet
784 2674 959 2746 ergo
1013 2661 1372 2745 punctum
1411 2649 1469 2718 Β
1530 2648 1685 2720 fere
1734 2648 1810 2720 in
1866 2648 2025 2744 ipsa
2064 2661 2268 2720 recta
2296 2649 2357 2720 Β
2379 2650 2447 2721 A

372 2762 689 2835 faciente
750 2787 918 2835 cum
977 2776 1199 2836 vento
1268 2761 1618 2857 angulum
1678 2762 1746 2834 A
1772 2761 1829 2832 B
1854 2761 1912 2833 C
1980 2761 2447 2856 quantulum-

374 2898 705 2970 cunque:
759 2874 836 2947 id
870 2887 1004 2963 est,
1039 2875 1192 2947 fere
1226 2875 1304 2946 in
1339 2886 1545 2946 recta
1573 2873 1633 2944 B
1662 2874 1763 2957 C;
1816 2872 1893 2945 id
1928 2886 2061 2961 est,
2097 2897 2228 2969 per
2253 2875 2445 2946 viam

371 2987 510 3060 viae
558 2989 921 3061 moventis
971 2989 1122 3061 fere
1182 2987 1670 3060 contrariam:
1727 2988 1925 3083 quod
1959 3000 2116 3060 erat
2151 2988 2448 3061 demon·

373 3101 778 3174 strandum.
883 3103 1200 3198 Oportet
1258 3114 1505 3174 autem
1560 3101 1805 3173 velum
1860 3102 1936 3173 in
1975 3101 2091 3172 ΒΙ
2144 3102 2250 3173 ita
2284 3114 2446 3173 ten-

371 3238 533 3286 sum
568 3238 749 3304 esse,
783 3227 870 3287 ut
903 3215 1144 3287 nullus
1180 3215 1256 3286 in
1286 3238 1373 3286 eo
1401 3214 1854 3309 relinquatur
1876 3214 2121 3297 sinus;
2174 3214 2447 3310 alioqui

374 3328 570 3399 enim
623 3340 847 3401 rectae
903 3327 1064 3415 LP,
1120 3327 1200 3398 M
1228 3327 1320 3415 Q,
1389 3327 1446 3398 Β
1473 3327 1539 3398 Κ
1596 3351 1746 3399 non
1796 3341 2013 3399 erunt
2048 3327 2190 3399 veli
2224 3327 2442 3422 plano

370 3440 1036 3536 perpendiculares,
1071 3440 1200 3513 sed
1228 3438 1574 3512 cadentes
1609 3438 1799 3511 infra
1833 3438 1909 3527 P,
1948 3440 2042 3527 Q,
2084 3440 2150 3511 K
2184 3463 2445 3511 navem

372 3566 781 3626 retrorsum
848 3565 1093 3650 agent.
1233 3552 1379 3624 Sed
1444 3576 1578 3647 pro
1645 3552 1808 3624 velo
1882 3575 2057 3623 usus
2123 3576 2447 3648 appensa

372 3667 647 3754 tabula,
681 3691 816 3761 pro
851 3667 1021 3739 navi
1067 3664 1452 3762 plaustello
1506 3664 1689 3736 rotis
1740 3663 2021 3760 exiguis
2053 3663 2265 3754 fulto,
2307 3689 2440 3760 pro

373 3779 558 3852 mari
610 3779 1055 3875 pavimento,
1111 3780 1219 3851 ita
1249 3802 1503 3850 verum
1546 3778 1690 3850 hoc
1744 3789 2086 3872 expertus
2135 3801 2318 3866 sum,
2354 3790 2441 3849 ut

370 3893 494 3965 vix
554 3893 921 3989 potuerim
983 3892 1309 3965 tabulam
1364 3903 1586 3964 vento
1654 3890 1732 3961 in
1800 3889 2440 3987 quantulacunque

372 4005 807 4102 obliquitate
892 4028 1286 4102 qpponere,
1374 4003 1552 4099 quin
1637 4003 1729 4075 ab
1809 4027 1896 4074 eo
1978 4003 2440 4099 plaustellum

371 4119 854 4214 abriperetur.

472 4233 582 4304 Ex
610 4231 868 4304 eodem
919 4231 1366 4303 theoremate
1403 4237 1448 4301 6
1484 4228 1796 4301 inveniri
1844 4241 2114 4325 potest,
2163 4241 2438 4324 quanto

368 4347 562 4419 ictus
595 4345 931 4440 obliquus
963 4345 1116 4417 ictu
1146 4341 1751 4440 perpendiculari,
1805 4342 2087 4415 caeteris
2120 4342 2437 4437 paribuS,
