<?xml version="1.0" encoding="UTF-8"?>
<!DOCTYPE html PUBLIC "-//W3C//DTD XHTML 1.0 Transitional//EN"
    "http://www.w3.org/TR/xhtml1/DTD/xhtml1-transitional.dtd">
<html xmlns="http://www.w3.org/1999/xhtml" xml:lang="en" lang="en">
 <head>
  <title>
</title>
<meta http-equiv="Content-Type" content="text/html;charset=utf-8" />
  <meta name='ocr-system' content='tesseract 3.04.00' />
  <meta name='ocr-capabilities' content='ocr_page ocr_carea ocr_par ocr_line ocrx_word'/>
</head>
<body>
  <div class='ocr_page' id='page_1' title='image "./thomhobbesmalme03molegoog_0065.png"; bbox 0 0 3182 5102; ppageno 0'>
   <div class='ocr_carea' id='block_1_1' title="bbox 963 489 2531 559">
    <p class='ocr_par' dir='ltr' id='par_1_1' title="bbox 963 489 2531 559">
     <span class='ocr_line' id='line_1_1' title="bbox 963 489 2531 559; baseline 0.002 -7"><span class='ocrx_word' id='word_1_1' title='bbox 963 511 1129 557; x_wconf 58' lang='grc' dir='ltr'>νινε</span> <span class='ocrx_word' id='word_1_2' title='bbox 1161 512 1525 559; x_wconf 68' lang='lat' dir='ltr'>nonnum</span> <span class='ocrx_word' id='word_1_3' title='bbox 1560 512 1976 559; x_wconf 71' lang='lat' dir='ltr'>menarum.</span> <span class='ocrx_word' id='word_1_4' title='bbox 2397 489 2531 555; x_wconf 83' lang='lat' dir='ltr'>xlix</span> 
     </span>
    </p>
   </div>
   <div class='ocr_carea' id='block_1_2' title="bbox 359 676 2524 4582">
    <p class='ocr_par' dir='ltr' id='par_1_2' title="bbox 373 676 2524 1175">
     <span class='ocr_line' id='line_1_2' title="bbox 377 676 2524 745; baseline 0 -4"><span class='ocrx_word' id='word_1_5' title='bbox 377 676 600 741; x_wconf 86' lang='lat' dir='ltr'>rantiae</span> <span class='ocrx_word' id='word_1_6' title='bbox 625 690 737 741; x_wconf 91' lang='lat' dir='ltr'>aut</span> <span class='ocrx_word' id='word_1_7' title='bbox 764 676 1017 743; x_wconf 85' lang='lat' dir='ltr'>malitiae</span> <span class='ocrx_word' id='word_1_8' title='bbox 1063 701 1190 743; x_wconf 89' lang='lat' dir='ltr'>non</span> <span class='ocrx_word' id='word_1_9' title='bbox 1235 679 1315 744; x_wconf 88' lang='lat' dir='ltr'>sit</span> <span class='ocrx_word' id='word_1_10' title='bbox 1358 678 1905 745; x_wconf 88' lang='lat' dir='ltr'>condemnaturus.</span> <span class='ocrx_word' id='word_1_11' title='bbox 1997 676 2190 742; x_wconf 89' lang='lat' dir='ltr'>Liber</span> <span class='ocrx_word' id='word_1_12' title='bbox 2218 677 2388 741; x_wconf 90' lang='lat' dir='ltr'>enim</span> <span class='ocrx_word' id='word_1_13' title='bbox 2418 676 2524 742; x_wconf 89' lang='lat' dir='ltr'>ille</span> 
     </span>
     <span class='ocr_line' id='line_1_3' title="bbox 376 813 2524 906; baseline 0 -28"><span class='ocrx_word' id='word_1_14' title='bbox 376 813 581 879; x_wconf 85' lang='lat' dir='ltr'>editus</span> <span class='ocrx_word' id='word_1_15' title='bbox 609 829 703 879; x_wconf 68' lang='lat' dir='ltr'>est</span> <span class='ocrx_word' id='word_1_16' title='bbox 733 816 925 880; x_wconf 86' lang='lat' dir='ltr'>Anno</span> <span class='ocrx_word' id='word_1_17' title='bbox 968 816 1228 882; x_wconf 89' lang='lat' dir='ltr'>Domini</span> <span class='ocrx_word' id='word_1_18' title='bbox 1262 822 1443 895; x_wconf 80' lang='lat'>1642,</span> <span class='ocrx_word' id='word_1_19' title='bbox 1478 841 1604 906; x_wconf 91' lang='lat' dir='ltr'>quo</span> <span class='ocrx_word' id='word_1_20' title='bbox 1633 832 1914 904; x_wconf 89' lang='lat' dir='ltr'>tempore</span> <span class='ocrx_word' id='word_1_21' title='bbox 1941 814 2175 880; x_wconf 88' lang='lat' dir='ltr'>bellum</span> <span class='ocrx_word' id='word_1_22' title='bbox 2205 814 2382 880; x_wconf 88' lang='lat' dir='ltr'>civile</span> <span class='ocrx_word' id='word_1_23' title='bbox 2410 837 2524 901; x_wconf 87' lang='lat' dir='ltr'>per</span> 
     </span>
     <span class='ocr_line' id='line_1_4' title="bbox 377 950 2518 1039; baseline -0 -23"><span class='ocrx_word' id='word_1_24' title='bbox 377 950 676 1038; x_wconf 82' lang='lat' dir='ltr'>Angliam</span> <span class='ocrx_word' id='word_1_25' title='bbox 702 965 1044 1038; x_wconf 82' lang='lat' dir='ltr'><strong>gereretur,</strong></span> <span class='ocrx_word' id='word_1_26' title='bbox 1066 952 1154 1017; x_wconf 83' lang='lat' dir='ltr'>ita</span> <span class='ocrx_word' id='word_1_27' title='bbox 1170 965 1241 1017; x_wconf 87' lang='lat' dir='ltr'>ut</span> <span class='ocrx_word' id='word_1_28' title='bbox 1256 976 1373 1032; x_wconf 88' lang='lat' dir='ltr'>res,</span> <span class='ocrx_word' id='word_1_29' title='bbox 1395 968 1544 1018; x_wconf 92' lang='lat' dir='ltr'>tunc</span> <span class='ocrx_word' id='word_1_30' title='bbox 1562 953 1894 1039; x_wconf 73' lang='lat' dir='ltr'>permistas,</span> <span class='ocrx_word' id='word_1_31' title='bbox 1917 952 2272 1039; x_wconf 80' lang='lat' dir='ltr'>permisceri</span> <span class='ocrx_word' id='word_1_32' title='bbox 2300 952 2382 1016; x_wconf 93' lang='lat' dir='ltr'>ab</span> <span class='ocrx_word' id='word_1_33' title='bbox 2411 951 2518 1016; x_wconf 89' lang='lat' dir='ltr'>illo</span> 
     </span>
     <span class='ocr_line' id='line_1_5' title="bbox 373 1084 1056 1175; baseline 0.007 -25"><span class='ocrx_word' id='word_1_34' title='bbox 373 1084 536 1153; x_wconf 87' lang='lat' dir='ltr'>libro</span> <span class='ocrx_word' id='word_1_35' title='bbox 565 1110 692 1153; x_wconf 91' lang='lat' dir='ltr'>non</span> <span class='ocrx_word' id='word_1_36' title='bbox 720 1090 1056 1175; x_wconf 88' lang='lat' dir='ltr'>potuerint.</span> 
     </span>
    </p>

    <p class='ocr_par' dir='ltr' id='par_1_3' title="bbox 368 1223 2521 2111">
     <span class='ocr_line' id='line_1_6' title="bbox 461 1223 2521 1311; baseline 0 -22"><span class='ocrx_word' id='word_1_37' title='bbox 461 1231 503 1262; x_wconf 81' lang='lat'>‘⁶</span> <span class='ocrx_word' id='word_1_38' title='bbox 523 1223 786 1302; x_wconf 84' lang='lat' dir='ltr'>Quarto,</span> <span class='ocrx_word' id='word_1_39' title='bbox 818 1226 929 1290; x_wconf 89' lang='lat' dir='ltr'>ubi</span> <span class='ocrx_word' id='word_1_40' title='bbox 959 1239 1027 1290; x_wconf 93' lang='lat' dir='ltr'>tu</span> <span class='ocrx_word' id='word_1_41' title='bbox 1059 1226 1140 1291; x_wconf 90' lang='lat' dir='ltr'>de</span> <span class='ocrx_word' id='word_1_42' title='bbox 1167 1226 1329 1291; x_wconf 91' lang='lat' dir='ltr'>libro</span> <span class='ocrx_word' id='word_1_43' title='bbox 1357 1248 1498 1291; x_wconf 90' lang='lat' dir='ltr'>meo</span> <span class='ocrx_word' id='word_1_44' title='bbox 1543 1229 1898 1293; x_wconf 73' lang='lat' dir='ltr'>Leviathan</span> <span class='ocrx_word' id='word_1_45' title='bbox 1945 1223 2257 1310; x_wconf 83' lang='lat' dir='ltr'>scripsisti,</span> <span class='ocrx_word' id='word_1_46' title='bbox 2297 1224 2521 1311; x_wconf 85' lang='lat' dir='ltr'>primo,</span> 
     </span>
     <span class='ocr_line' id='line_1_7' title="bbox 373 1359 2520 1448; baseline 0.002 -25"><span class='ocrx_word' id='word_1_47' title='bbox 373 1359 544 1447; x_wconf 92' lang='lat' dir='ltr'>quod</span> <span class='ocrx_word' id='word_1_48' title='bbox 570 1375 729 1425; x_wconf 84' lang='lat' dir='ltr'>esset</span> <span class='ocrx_word' id='word_1_49' title='bbox 754 1366 974 1428; x_wconf 71' lang='lat' dir='ltr'>vicinis</span> <span class='ocrx_word' id='word_1_50' title='bbox 994 1365 1282 1448; x_wconf 73' lang='lat' dir='ltr'>yentibus</span> <span class='ocrx_word' id='word_1_51' title='bbox 1316 1368 1690 1439; x_wconf 73' lang='lat' dir='ltr'>notissimus,</span> <span class='ocrx_word' id='word_1_52' title='bbox 1722 1361 2091 1447; x_wconf 85' lang='lat' dir='ltr'>interposuit</span> <span class='ocrx_word' id='word_1_53' title='bbox 2119 1359 2242 1436; x_wconf 89' lang='lat' dir='ltr'>ille,</span> <span class='ocrx_word' id='word_1_54' title='bbox 2264 1362 2520 1445; x_wconf 75' lang='lat' dir='ltr'>publico</span> 
     </span>
     <span class='ocr_line' id='line_1_8' title="bbox 371 1500 2499 1586; baseline -0 -23"><span class='ocrx_word' id='word_1_55' title='bbox 371 1501 619 1575; x_wconf 77' lang='lat' dir='ltr'>damno,</span> <span class='ocrx_word' id='word_1_56' title='bbox 669 1511 742 1564; x_wconf 86' lang='lat' dir='ltr'>ut</span> <span class='ocrx_word' id='word_1_57' title='bbox 776 1513 936 1563; x_wconf 86' lang='lat' dir='ltr'>esset</span> <span class='ocrx_word' id='word_1_58' title='bbox 978 1504 1202 1566; x_wconf 68' lang='lat' dir='ltr'>vicinis</span> <span class='ocrx_word' id='word_1_59' title='bbox 1235 1501 1525 1586; x_wconf 69' lang='lat' dir='ltr'>qentibus</span> <span class='ocrx_word' id='word_1_60' title='bbox 1569 1500 1826 1585; x_wconf 79' lang='lat' dir='ltr'>publico</span> <span class='ocrx_word' id='word_1_61' title='bbox 1869 1502 2099 1564; x_wconf 76' lang='lat' dir='ltr'>damno</span> <span class='ocrx_word' id='word_1_62' title='bbox 2141 1502 2499 1564; x_wconf 67' lang='lat' dir='ltr'>notissimus</span> 
     </span>
     <span class='ocr_line' id='line_1_9' title="bbox 372 1631 2509 1721; baseline 0 -24"><span class='ocrx_word' id='word_1_63' title='bbox 372 1632 624 1699; x_wconf 83' lang='lat' dir='ltr'>Deinde</span> <span class='ocrx_word' id='word_1_64' title='bbox 675 1635 782 1700; x_wconf 92' lang='lat' dir='ltr'>ubi</span> <span class='ocrx_word' id='word_1_65' title='bbox 832 1648 901 1700; x_wconf 92' lang='lat' dir='ltr'>tu</span> <span class='ocrx_word' id='word_1_66' title='bbox 946 1635 1293 1721; x_wconf 76' lang='lat' dir='ltr'>scripseraS,</span> <span class='ocrx_word' id='word_1_67' title='bbox 1345 1640 1602 1721; x_wconf 73' lang='lat' dir='ltr'>scripsit</span> <span class='ocrx_word' id='word_1_68' title='bbox 1658 1638 1909 1712; x_wconf 78' lang='lat' dir='ltr'>librum,</span> <span class='ocrx_word' id='word_1_69' title='bbox 1962 1633 2332 1720; x_wconf 87' lang='lat' dir='ltr'>interposuit</span> <span class='ocrx_word' id='word_1_70' title='bbox 2389 1631 2509 1708; x_wconf 88' lang='lat' dir='ltr'>ille,</span> 
     </span>
     <span class='ocr_line' id='line_1_10' title="bbox 368 1768 2514 1859; baseline -0.001 -22"><span class='ocrx_word' id='word_1_71' title='bbox 368 1777 966 1839; x_wconf 65' lang='lat' dir='ltr'>monstrosissimam.</span> <span class='ocrx_word' id='word_1_72' title='bbox 1020 1769 1265 1859; x_wconf 81' lang='lat' dir='ltr'>Magna</span> <span class='ocrx_word' id='word_1_73' title='bbox 1285 1770 1538 1858; x_wconf 90' lang='lat' dir='ltr'>quidem</span> <span class='ocrx_word' id='word_1_74' title='bbox 1556 1770 1768 1836; x_wconf 87' lang='lat' dir='ltr'>fuisset</span> <span class='ocrx_word' id='word_1_75' title='bbox 1787 1771 1921 1836; x_wconf 82' lang='lat' dir='ltr'>haec</span> <span class='ocrx_word' id='word_1_76' title='bbox 1943 1769 2190 1855; x_wconf 86' lang='lat' dir='ltr'>injuria,</span> <span class='ocrx_word' id='word_1_77' title='bbox 2209 1769 2260 1833; x_wconf 86' lang='lat' dir='ltr'>si</span> <span class='ocrx_word' id='word_1_78' title='bbox 2283 1768 2386 1832; x_wconf 89' lang='lat' dir='ltr'>ille</span> <span class='ocrx_word' id='word_1_79' title='bbox 2405 1781 2514 1835; x_wconf 81' lang='lat' dir='ltr'>aut</span> 
     </span>
     <span class='ocr_line' id='line_1_11' title="bbox 369 1903 2515 1995; baseline -0.001 -25"><span class='ocrx_word' id='word_1_80' title='bbox 369 1904 793 1972; x_wconf 80' lang='lat' dir='ltr'>doctrinarum</span> <span class='ocrx_word' id='word_1_81' title='bbox 811 1906 1013 1992; x_wconf 82' lang='lat' dir='ltr'>judex</span> <span class='ocrx_word' id='word_1_82' title='bbox 1039 1906 1319 1984; x_wconf 90' lang='lat' dir='ltr'>idoneus,</span> <span class='ocrx_word' id='word_1_83' title='bbox 1348 1922 1460 1973; x_wconf 90' lang='lat' dir='ltr'>aut</span> <span class='ocrx_word' id='word_1_84' title='bbox 1486 1907 1715 1995; x_wconf 85' lang='lat' dir='ltr'>insigni</span> <span class='ocrx_word' id='word_1_85' title='bbox 1742 1906 1950 1993; x_wconf 84' lang='lat' dir='ltr'>aliqua</span> <span class='ocrx_word' id='word_1_86' title='bbox 1970 1905 2318 1971; x_wconf 89' lang='lat' dir='ltr'>eruditione</span> <span class='ocrx_word' id='word_1_87' title='bbox 2346 1903 2515 1969; x_wconf 93' lang='lat' dir='ltr'>domi</span> 
     </span>
     <span class='ocr_line' id='line_1_12' title="bbox 370 2040 1060 2111; baseline 0.01 -7"><span class='ocrx_word' id='word_1_88' title='bbox 370 2040 468 2106; x_wconf 81' lang='lat' dir='ltr'>vel</span> <span class='ocrx_word' id='word_1_89' title='bbox 496 2041 645 2107; x_wconf 87' lang='lat' dir='ltr'>soris</span> <span class='ocrx_word' id='word_1_90' title='bbox 671 2057 856 2110; x_wconf 82' lang='lat' dir='ltr'>notus</span> <span class='ocrx_word' id='word_1_91' title='bbox 882 2058 1060 2111; x_wconf 64' lang='lat' dir='ltr'>esset.</span> 
     </span>
    </p>

    <p class='ocr_par' dir='ltr' id='par_1_4' title="bbox 359 2176 2515 4582">
     <span class='ocr_line' id='line_1_13' title="bbox 457 2176 2512 2267; baseline -0.002 -22"><span class='ocrx_word' id='word_1_92' title='bbox 457 2186 500 2218; x_wconf 91' lang='lat'><strong>“</strong></span> <span class='ocrx_word' id='word_1_93' title='bbox 518 2178 778 2258; x_wconf 81' lang='lat' dir='ltr'>Quinto,</span> <span class='ocrx_word' id='word_1_94' title='bbox 795 2203 942 2267; x_wconf 82' lang='lat' dir='ltr'>quae</span> <span class='ocrx_word' id='word_1_95' title='bbox 959 2194 1028 2244; x_wconf 93' lang='lat' dir='ltr'>tu</span> <span class='ocrx_word' id='word_1_96' title='bbox 1047 2179 1127 2245; x_wconf 90' lang='lat' dir='ltr'>de</span> <span class='ocrx_word' id='word_1_97' title='bbox 1149 2179 1426 2244; x_wconf 90' lang='lat' dir='ltr'>moribus</span> <span class='ocrx_word' id='word_1_98' title='bbox 1446 2179 1620 2256; x_wconf 88' lang='lat' dir='ltr'>meis,</span> <span class='ocrx_word' id='word_1_99' title='bbox 1651 2178 1732 2244; x_wconf 91' lang='lat' dir='ltr'>de</span> <span class='ocrx_word' id='word_1_100' title='bbox 1758 2177 1925 2244; x_wconf 83' lang='lat' dir='ltr'>fama</span> <span class='ocrx_word' id='word_1_101' title='bbox 1950 2176 2119 2264; x_wconf 86' lang='lat' dir='ltr'>apud</span> <span class='ocrx_word' id='word_1_102' title='bbox 2147 2190 2408 2253; x_wconf 76' lang='lat' dir='ltr'>exteroS,</span> <span class='ocrx_word' id='word_1_103' title='bbox 2434 2176 2512 2240; x_wconf 77' lang='lat' dir='ltr'>de</span> 
     </span>
     <span class='ocr_line' id='line_1_14' title="bbox 369 2311 2512 2403; baseline -0.001 -23"><span class='ocrx_word' id='word_1_104' title='bbox 369 2314 684 2380; x_wconf 88' lang='lat' dir='ltr'>beneficiis</span> <span class='ocrx_word' id='word_1_105' title='bbox 748 2315 815 2378; x_wconf 90' lang='lat' dir='ltr'>in</span> <span class='ocrx_word' id='word_1_106' title='bbox 882 2338 986 2381; x_wconf 89' lang='lat' dir='ltr'>me</span> <span class='ocrx_word' id='word_1_107' title='bbox 1061 2315 1267 2403; x_wconf 84' lang='lat' dir='ltr'>regiis,</span> <span class='ocrx_word' id='word_1_108' title='bbox 1328 2319 1462 2392; x_wconf 65' lang='grc' dir='ltr'>δια,</span> <span class='ocrx_word' id='word_1_109' title='bbox 1533 2329 1668 2380; x_wconf 89' lang='lat' dir='ltr'>tum</span> <span class='ocrx_word' id='word_1_110' title='bbox 1744 2337 1906 2392; x_wconf 84' lang='lat' dir='ltr'>vere,</span> <span class='ocrx_word' id='word_1_111' title='bbox 1974 2328 2109 2379; x_wconf 93' lang='lat' dir='ltr'>tum</span> <span class='ocrx_word' id='word_1_112' title='bbox 2176 2311 2512 2380; x_wconf 84' lang='lat' dir='ltr'>honorifice</span> 
     </span>
     <span class='ocr_line' id='line_1_15' title="bbox 365 2448 2513 2539; baseline -0 -25"><span class='ocrx_word' id='word_1_113' title='bbox 365 2450 712 2536; x_wconf 84' lang='lat' dir='ltr'>scripseras,</span> <span class='ocrx_word' id='word_1_114' title='bbox 753 2450 982 2517; x_wconf 83' lang='lat' dir='ltr'>delevit</span> <span class='ocrx_word' id='word_1_115' title='bbox 1021 2451 1247 2517; x_wconf 86' lang='lat' dir='ltr'>omnia.</span> <span class='ocrx_word' id='word_1_116' title='bbox 1339 2450 1425 2515; x_wconf 91' lang='lat' dir='ltr'>Et</span> <span class='ocrx_word' id='word_1_117' title='bbox 1450 2451 1587 2517; x_wconf 87' lang='lat' dir='ltr'>haec</span> <span class='ocrx_word' id='word_1_118' title='bbox 1629 2451 1882 2539; x_wconf 87' lang='lat' dir='ltr'>quidem</span> <span class='ocrx_word' id='word_1_119' title='bbox 1926 2472 2153 2538; x_wconf 87' lang='lat' dir='ltr'>magna</span> <span class='ocrx_word' id='word_1_120' title='bbox 2195 2450 2308 2514; x_wconf 92' lang='lat' dir='ltr'>tibi</span> <span class='ocrx_word' id='word_1_121' title='bbox 2350 2448 2513 2513; x_wconf 85' lang='lat' dir='ltr'>facta</span> 
     </span>
     <span class='ocr_line' id='line_1_16' title="bbox 367 2585 2513 2674; baseline -0.001 -22"><span class='ocrx_word' id='word_1_122' title='bbox 367 2602 460 2652; x_wconf 86' lang='lat' dir='ltr'>est</span> <span class='ocrx_word' id='word_1_123' title='bbox 509 2587 775 2673; x_wconf 86' lang='lat' dir='ltr'>injuria3</span> <span class='ocrx_word' id='word_1_124' title='bbox 820 2610 963 2674; x_wconf 84' lang='lat' dir='ltr'>quae</span> <span class='ocrx_word' id='word_1_125' title='bbox 992 2602 1202 2653; x_wconf 81' lang='lat' dir='ltr'>tamen</span> <span class='ocrx_word' id='word_1_126' title='bbox 1229 2587 1463 2674; x_wconf 84' lang='lat' dir='ltr'>alioqui</span> <span class='ocrx_word' id='word_1_127' title='bbox 1505 2588 1791 2652; x_wconf 91' lang='lat' dir='ltr'>nocitura</span> <span class='ocrx_word' id='word_1_128' title='bbox 1818 2587 1973 2651; x_wconf 86' lang='lat' dir='ltr'>mihi</span> <span class='ocrx_word' id='word_1_129' title='bbox 2001 2609 2129 2652; x_wconf 92' lang='lat' dir='ltr'>non</span> <span class='ocrx_word' id='word_1_130' title='bbox 2157 2602 2268 2663; x_wconf 88' lang='lat' dir='ltr'>est,</span> <span class='ocrx_word' id='word_1_131' title='bbox 2320 2585 2513 2670; x_wconf 83' lang='lat' dir='ltr'>(fama</span> 
     </span>
     <span class='ocr_line' id='line_1_17' title="bbox 364 2721 2512 2811; baseline -0 -23"><span class='ocrx_word' id='word_1_132' title='bbox 364 2724 534 2788; x_wconf 86' lang='lat' dir='ltr'>enim</span> <span class='ocrx_word' id='word_1_133' title='bbox 590 2746 749 2802; x_wconf 82' lang='lat' dir='ltr'>mea,</span> <span class='ocrx_word' id='word_1_134' title='bbox 809 2724 1257 2811; x_wconf 86' lang='lat' dir='ltr'>qualiscunque</span> <span class='ocrx_word' id='word_1_135' title='bbox 1324 2738 1436 2801; x_wconf 88' lang='lat' dir='ltr'>est,</span> <span class='ocrx_word' id='word_1_136' title='bbox 1486 2723 1865 2810; x_wconf 90' lang='lat' dir='ltr'>jamdudum</span> <span class='ocrx_word' id='word_1_137' title='bbox 1920 2738 2191 2811; x_wconf 88' lang='lat' dir='ltr'>pennata</span> <span class='ocrx_word' id='word_1_138' title='bbox 2247 2721 2512 2787; x_wconf 84' lang='lat' dir='ltr'>evolavit</span> 
     </span>
     <span class='ocr_line' id='line_1_18' title="bbox 365 2858 2510 2948; baseline -0.002 -23"><span class='ocrx_word' id='word_1_139' title='bbox 365 2861 833 2942; x_wconf 81' lang='lat' dir='ltr'>irrevocabilis),</span> <span class='ocrx_word' id='word_1_140' title='bbox 851 2861 962 2927; x_wconf 87' lang='lat' dir='ltr'>sed</span> <span class='ocrx_word' id='word_1_141' title='bbox 986 2860 1124 2937; x_wconf 87' lang='lat' dir='ltr'>sibi,</span> <span class='ocrx_word' id='word_1_142' title='bbox 1148 2860 1500 2939; x_wconf 84' lang='lat' dir='ltr'>academiae,</span> <span class='ocrx_word' id='word_1_143' title='bbox 1524 2860 1713 2926; x_wconf 88' lang='lat' dir='ltr'>etiam</span> <span class='ocrx_word' id='word_1_144' title='bbox 1735 2860 1949 2948; x_wconf 86' lang='lat' dir='ltr'>generi</span> <span class='ocrx_word' id='word_1_145' title='bbox 1966 2860 2260 2925; x_wconf 88' lang='lat' dir='ltr'>humano.</span> <span class='ocrx_word' id='word_1_146' title='bbox 2352 2858 2510 2935; x_wconf 90' lang='lat' dir='ltr'>Sibi,</span> 
     </span>
     <span class='ocr_line' id='line_1_19' title="bbox 363 2992 2509 3082; baseline -0.001 -22"><span class='ocrx_word' id='word_1_147' title='bbox 363 2999 621 3082; x_wconf 85' lang='lat' dir='ltr'>p‘ropter</span> <span class='ocrx_word' id='word_1_148' title='bbox 638 2994 1110 3082; x_wconf 87' lang='lat' dir='ltr'>turpitudinem.</span> <span class='ocrx_word' id='word_1_149' title='bbox 1175 2994 1293 3060; x_wconf 89' lang='lat' dir='ltr'>Est</span> <span class='ocrx_word' id='word_1_150' title='bbox 1307 2995 1478 3061; x_wconf 89' lang='lat' dir='ltr'>enim</span> <span class='ocrx_word' id='word_1_151' title='bbox 1499 2996 1689 3060; x_wconf 85' lang='lat' dir='ltr'>etiam</span> <span class='ocrx_word' id='word_1_152' title='bbox 1706 2996 1772 3059; x_wconf 93' lang='lat' dir='ltr'>in</span> <span class='ocrx_word' id='word_1_153' title='bbox 1795 2996 2131 3061; x_wconf 87' lang='lat' dir='ltr'>inimicitiis</span> <span class='ocrx_word' id='word_1_154' title='bbox 2149 2992 2509 3060; x_wconf 82' lang='lat' dir='ltr'>exercendis</span> 
     </span>
     <span class='ocr_line' id='line_1_20' title="bbox 362 3130 2510 3221; baseline 0 -24"><span class='ocrx_word' id='word_1_155' title='bbox 362 3131 533 3197; x_wconf 84' lang='lat' dir='ltr'>aliud</span> <span class='ocrx_word' id='word_1_156' title='bbox 581 3131 704 3198; x_wconf 86' lang='lat' dir='ltr'>alio</span> <span class='ocrx_word' id='word_1_157' title='bbox 761 3132 1162 3198; x_wconf 68' lang='lat' dir='ltr'>inhonestius.</span> <span class='ocrx_word' id='word_1_158' title='bbox 1248 3131 1472 3218; x_wconf 89' lang='lat' dir='ltr'>Itaque</span> <span class='ocrx_word' id='word_1_159' title='bbox 1530 3132 1873 3197; x_wconf 76' lang='lat' dir='ltr'>inimicitiae</span> <span class='ocrx_word' id='word_1_160' title='bbox 1933 3132 2187 3221; x_wconf 90' lang='lat' dir='ltr'>quidem</span> <span class='ocrx_word' id='word_1_161' title='bbox 2254 3130 2510 3216; x_wconf 80' lang='lat' dir='ltr'>injurias</span> 
     </span>
     <span class='ocr_line' id='line_1_21' title="bbox 360 3266 2508 3355; baseline -0.001 -22"><span class='ocrx_word' id='word_1_162' title='bbox 360 3267 697 3354; x_wconf 83' lang='lat' dir='ltr'>aliquando</span> <span class='ocrx_word' id='word_1_163' title='bbox 735 3281 1096 3332; x_wconf 77' lang='lat' dir='ltr'>extenuant.</span> <span class='ocrx_word' id='word_1_164' title='bbox 1184 3266 1351 3333; x_wconf 83' lang='lat' dir='ltr'>Nam</span> <span class='ocrx_word' id='word_1_165' title='bbox 1394 3266 1642 3352; x_wconf 87' lang='lat' dir='ltr'>injuriae</span> <span class='ocrx_word' id='word_1_166' title='bbox 1683 3282 1916 3355; x_wconf 85' lang='lat' dir='ltr'>apertoe</span> <span class='ocrx_word' id='word_1_167' title='bbox 1956 3268 2283 3333; x_wconf 82' lang='lat' dir='ltr'>authorem</span> <span class='ocrx_word' id='word_1_168' title='bbox 2325 3288 2508 3333; x_wconf 88' lang='lat' dir='ltr'>suum</span> 
     </span>
     <span class='ocr_line' id='line_1_22' title="bbox 359 3402 2505 3490; baseline 0 -22"><span class='ocrx_word' id='word_1_169' title='bbox 359 3402 716 3481; x_wconf 87' lang='lat' dir='ltr'>ostendunt,</span> <span class='ocrx_word' id='word_1_170' title='bbox 747 3403 855 3468; x_wconf 88' lang='lat' dir='ltr'>sed</span> <span class='ocrx_word' id='word_1_171' title='bbox 883 3402 1130 3468; x_wconf 81' lang='lat' dir='ltr'>furtivae</span> <span class='ocrx_word' id='word_1_172' title='bbox 1159 3402 1499 3488; x_wconf 78' lang='lat' dir='ltr'>quemlibet</span> <span class='ocrx_word' id='word_1_173' title='bbox 1526 3403 1730 3490; x_wconf 76' lang='lat' dir='ltr'>potius</span> <span class='ocrx_word' id='word_1_174' title='bbox 1758 3404 1970 3482; x_wconf 86' lang='lat' dir='ltr'>alium,</span> <span class='ocrx_word' id='word_1_175' title='bbox 2001 3405 2189 3469; x_wconf 89' lang='lat' dir='ltr'>etiam</span> <span class='ocrx_word' id='word_1_176' title='bbox 2216 3405 2505 3481; x_wconf 87' lang='lat' dir='ltr'>amicum,</span> 
     </span>
     <span class='ocr_line' id='line_1_23' title="bbox 360 3538 2507 3628; baseline 0.001 -24"><span class='ocrx_word' id='word_1_177' title='bbox 360 3538 703 3604; x_wconf 88' lang='lat' dir='ltr'>discrimini</span> <span class='ocrx_word' id='word_1_178' title='bbox 731 3539 1055 3625; x_wconf 85' lang='lat' dir='ltr'>objiciunt.</span> <span class='ocrx_word' id='word_1_179' title='bbox 1147 3538 1525 3618; x_wconf 73' lang='lat' dir='ltr'>Academiae,</span> <span class='ocrx_word' id='word_1_180' title='bbox 1555 3555 1811 3627; x_wconf 89' lang='lat' dir='ltr'>propter</span> <span class='ocrx_word' id='word_1_181' title='bbox 1837 3563 1977 3606; x_wconf 90' lang='lat' dir='ltr'>eam</span> <span class='ocrx_word' id='word_1_182' title='bbox 2006 3562 2195 3628; x_wconf 85' lang='lat' dir='ltr'>quam</span> <span class='ocrx_word' id='word_1_183' title='bbox 2222 3540 2507 3606; x_wconf 85' lang='lat' dir='ltr'>inimicus</span> 
     </span>
     <span class='ocr_line' id='line_1_24' title="bbox 360 3674 2508 3764; baseline 0.001 -24"><span class='ocrx_word' id='word_1_184' title='bbox 360 3674 550 3740; x_wconf 86' lang='lat' dir='ltr'>habet</span> <span class='ocrx_word' id='word_1_185' title='bbox 573 3674 641 3739; x_wconf 91' lang='lat' dir='ltr'>in</span> <span class='ocrx_word' id='word_1_186' title='bbox 666 3674 985 3740; x_wconf 86' lang='lat' dir='ltr'>academia</span> <span class='ocrx_word' id='word_1_187' title='bbox 1012 3674 1473 3741; x_wconf 77' lang='lat' dir='ltr'>authoritatem.</span> <span class='ocrx_word' id='word_1_188' title='bbox 1564 3677 1800 3743; x_wconf 86' lang='lat' dir='ltr'>Generi</span> <span class='ocrx_word' id='word_1_189' title='bbox 1818 3676 2090 3764; x_wconf 87' lang='lat' dir='ltr'>denique</span> <span class='ocrx_word' id='word_1_190' title='bbox 2116 3676 2408 3755; x_wconf 80' lang='lat' dir='ltr'>humano,</span> <span class='ocrx_word' id='word_1_191' title='bbox 2434 3700 2508 3743; x_wconf 91' lang='lat' dir='ltr'>eo</span> 
     </span>
     <span class='ocr_line' id='line_1_25' title="bbox 360 3812 2511 3901; baseline 0.001 -23"><span class='ocrx_word' id='word_1_192' title='bbox 360 3813 530 3901; x_wconf 90' lang='lat' dir='ltr'>quod</span> <span class='ocrx_word' id='word_1_193' title='bbox 574 3835 718 3878; x_wconf 89' lang='lat' dir='ltr'>cum</span> <span class='ocrx_word' id='word_1_194' title='bbox 768 3812 1088 3899; x_wconf 85' lang='lat' dir='ltr'>cognitum</span> <span class='ocrx_word' id='word_1_195' title='bbox 1137 3812 1236 3889; x_wconf 88' lang='lat' dir='ltr'>sit,</span> <span class='ocrx_word' id='word_1_196' title='bbox 1286 3826 1530 3878; x_wconf 84' lang='lat' dir='ltr'>tantum</span> <span class='ocrx_word' id='word_1_197' title='bbox 1581 3836 1713 3879; x_wconf 87' lang='lat' dir='ltr'>esse</span> <span class='ocrx_word' id='word_1_198' title='bbox 1757 3814 2111 3880; x_wconf 86' lang='lat' dir='ltr'>hominibus</span> <span class='ocrx_word' id='word_1_199' title='bbox 2163 3815 2229 3879; x_wconf 92' lang='lat' dir='ltr'>in</span> <span class='ocrx_word' id='word_1_200' title='bbox 2279 3813 2511 3880; x_wconf 81' lang='lat' dir='ltr'>alienas</span> 
     </span>
     <span class='ocr_line' id='line_1_26' title="bbox 359 3947 2508 4039; baseline 0.001 -25"><span class='ocrx_word' id='word_1_201' title='bbox 359 3948 643 4015; x_wconf 85' lang='lat' dir='ltr'>historias</span> <span class='ocrx_word' id='word_1_202' title='bbox 664 3949 1002 4036; x_wconf 77' lang='lat' dir='ltr'>potestatiS,</span> <span class='ocrx_word' id='word_1_203' title='bbox 1022 3947 1196 4015; x_wconf 89' lang='lat' dir='ltr'>nulla</span> <span class='ocrx_word' id='word_1_204' title='bbox 1216 3971 1343 4014; x_wconf 90' lang='lat' dir='ltr'>non</span> <span class='ocrx_word' id='word_1_205' title='bbox 1366 3949 1623 4016; x_wconf 88' lang='lat' dir='ltr'>historia</span> <span class='ocrx_word' id='word_1_206' title='bbox 1649 3966 1931 4039; x_wconf 84' lang='lat' dir='ltr'>suspecta</span> <span class='ocrx_word' id='word_1_207' title='bbox 1958 3953 2094 4017; x_wconf 85' lang='lat' dir='ltr'>erit.</span> <span class='ocrx_word' id='word_1_208' title='bbox 2166 3952 2508 4030; x_wconf 88' lang='lat' dir='ltr'>Postremo,</span> 
     </span>
     <span class='ocr_line' id='line_1_27' title="bbox 360 4087 2514 4175; baseline 0.003 -25"><span class='ocrx_word' id='word_1_209' title='bbox 360 4087 527 4173; x_wconf 91' lang='lat' dir='ltr'>quod</span> <span class='ocrx_word' id='word_1_210' title='bbox 573 4103 803 4174; x_wconf 82' lang='lat' dir='ltr'>praeter</span> <span class='ocrx_word' id='word_1_211' title='bbox 845 4087 1217 4153; x_wconf 82' lang='lat' dir='ltr'>sententiam</span> <span class='ocrx_word' id='word_1_212' title='bbox 1259 4102 1430 4154; x_wconf 86' lang='lat' dir='ltr'>tuam</span> <span class='ocrx_word' id='word_1_213' title='bbox 1477 4088 1557 4154; x_wconf 90' lang='lat' dir='ltr'>de</span> <span class='ocrx_word' id='word_1_214' title='bbox 1603 4092 1889 4175; x_wconf 71' lang='lat' dir='ltr'>operibus</span> <span class='ocrx_word' id='word_1_215' title='bbox 1936 4094 2091 4156; x_wconf 67' lang='lat' dir='ltr'>meis</span> <span class='ocrx_word' id='word_1_216' title='bbox 2126 4095 2514 4173; x_wconf 73' lang='lat' dir='ltr'>yeometricis</span> 
     </span>
     <span class='ocr_line' id='line_1_28' title="bbox 359 4222 2509 4310; baseline -0 -22"><span class='ocrx_word' id='word_1_217' title='bbox 359 4222 602 4288; x_wconf 84' lang='lat' dir='ltr'>addidit</span> <span class='ocrx_word' id='word_1_218' title='bbox 628 4238 740 4288; x_wconf 87' lang='lat' dir='ltr'>aut</span> <span class='ocrx_word' id='word_1_219' title='bbox 767 4223 996 4289; x_wconf 81' lang='lat' dir='ltr'>delevit</span> <span class='ocrx_word' id='word_1_220' title='bbox 1029 4226 1200 4308; x_wconf 90' lang='lat' dir='ltr'>(cum</span> <span class='ocrx_word' id='word_1_221' title='bbox 1229 4224 1338 4310; x_wconf 90' lang='lat' dir='ltr'>qui</span> <span class='ocrx_word' id='word_1_222' title='bbox 1366 4223 1683 4289; x_wconf 89' lang='lat' dir='ltr'>hominem</span> <span class='ocrx_word' id='word_1_223' title='bbox 1711 4225 1940 4302; x_wconf 89' lang='lat' dir='ltr'>norint,</span> <span class='ocrx_word' id='word_1_224' title='bbox 1971 4247 2098 4291; x_wconf 89' lang='lat' dir='ltr'>non</span> <span class='ocrx_word' id='word_1_225' title='bbox 2127 4248 2166 4289; x_wconf 84' lang='lat' dir='ltr'>a</span> <span class='ocrx_word' id='word_1_226' title='bbox 2193 4247 2305 4290; x_wconf 90' lang='lat' dir='ltr'>sua</span> <span class='ocrx_word' id='word_1_227' title='bbox 2321 4224 2509 4310; x_wconf 86' lang='lat' dir='ltr'>ipsius</span> 
     </span>
     <span class='ocr_line' id='line_1_29' title="bbox 360 4359 2511 4448; baseline -0.001 -23"><span class='ocrx_word' id='word_1_228' title='bbox 360 4360 733 4448; x_wconf 84' lang='lat' dir='ltr'>cognitione,</span> <span class='ocrx_word' id='word_1_229' title='bbox 783 4360 892 4424; x_wconf 88' lang='lat' dir='ltr'>sed</span> <span class='ocrx_word' id='word_1_230' title='bbox 934 4359 1062 4424; x_wconf 90' lang='lat' dir='ltr'>fide</span> <span class='ocrx_word' id='word_1_231' title='bbox 1101 4359 1305 4425; x_wconf 82' lang='lat' dir='ltr'>aliena</span> <span class='ocrx_word' id='word_1_232' title='bbox 1345 4359 1623 4426; x_wconf 89' lang='lat' dir='ltr'>locutum</span> <span class='ocrx_word' id='word_1_233' title='bbox 1666 4384 1797 4426; x_wconf 88' lang='lat' dir='ltr'>esse</span> <span class='ocrx_word' id='word_1_234' title='bbox 1839 4362 2079 4440; x_wconf 84' lang='lat' dir='ltr'>sciunt3</span> <span class='ocrx_word' id='word_1_235' title='bbox 2122 4376 2187 4426; x_wconf 89' lang='lat' dir='ltr'>et</span> <span class='ocrx_word' id='word_1_236' title='bbox 2231 4361 2341 4448; x_wconf 90' lang='lat' dir='ltr'>qui</span> <span class='ocrx_word' id='word_1_237' title='bbox 2383 4383 2511 4424; x_wconf 90' lang='lat' dir='ltr'>non</span> 
     </span>
     <span class='ocr_line' id='line_1_30' title="bbox 364 4496 2515 4582; baseline 0.002 -23"><span class='ocrx_word' id='word_1_238' title='bbox 364 4496 592 4573; x_wconf 90' lang='lat' dir='ltr'>norint,</span> <span class='ocrx_word' id='word_1_239' title='bbox 652 4518 882 4561; x_wconf 90' lang='lat' dir='ltr'>nomen</span> <span class='ocrx_word' id='word_1_240' title='bbox 955 4497 1090 4582; x_wconf 86' lang='lat' dir='ltr'>ejus</span> <span class='ocrx_word' id='word_1_241' title='bbox 1163 4497 1325 4562; x_wconf 92' lang='lat' dir='ltr'>inter</span> <span class='ocrx_word' id='word_1_242' title='bbox 1398 4497 1864 4564; x_wconf 86' lang='lat' dir='ltr'>mathematicos</span> <span class='ocrx_word' id='word_1_243' title='bbox 1940 4500 2165 4564; x_wconf 88' lang='lat' dir='ltr'>aliosve</span> <span class='ocrx_word' id='word_1_244' title='bbox 2242 4497 2515 4576; x_wconf 78' lang='lat' dir='ltr'>eruditos</span> 
     </span>
    </p>
   </div>
   <div class='ocr_carea' id='block_1_3' title="bbox 536 4652 2265 4698">
    <p class='ocr_par' dir='ltr' id='par_1_5' title="bbox 536 4652 2265 4698">
     <span class='ocr_line' id='line_1_31' title="bbox 536 4652 2265 4698; baseline 0.002 -4"><span class='ocrx_word' id='word_1_245' title='bbox 536 4652 682 4697; x_wconf 83' lang='lat' dir='ltr'>vo1..</span> <span class='ocrx_word' id='word_1_246' title='bbox 717 4653 760 4695; x_wconf 82' lang='lat'>1.</span> <span class='ocrx_word' id='word_1_247' title='bbox 2232 4657 2265 4698; x_wconf 75' lang='grc' dir='ltr'><strong><em>θ</em></strong></span> 
     </span>
    </p>
   </div>
  </div>
 </body>
</html>
