3182 5102
818 472 923 523 nn
965 473 1343 525 CORPORE
1386 472 1485 523 Er
1523 473 2017 524 AcclnEN'rE.
2353 459 2440 523 91

383 639 731 736 appellari
827 639 1037 731 solet,
1137 653 1443 737 propter
1526 641 2031 714 extensionem
2130 640 2450 736 quidem,
2542 647 2717 761 PAPgS
2754 647 2827 696 11·

384 777 656 850 corpu-s·
685 781 713 836 ;
768 767 1073 850 propter
1106 754 1754 850 independentiam
1795 766 2044 827 autem
2098 778 2143 826 a
2196 764 2454 827 nostra
2551 749 2795 817 »4⁴

383 867 832 962 cogitatione
877 867 1289 941 subsistens·
1317 893 1473 967 per
1519 894 1602 940 38
1624 896 1651 951 ;
1705 881 1783 940 et
1814 878 2208 965 propterea
2255 866 2455 963 quod

383 991 592 1053 extra
649 1004 786 1053 nos
838 982 1198 1068 subsistit,
1260 982 1587 1055 existens
1616 1010 1644 1065 ;
1714 982 2028 1076 denique
2084 982 2256 1078 quia
2317 980 2452 1052 sub

384 1094 620 1189 spatio
655 1094 1089 1189 imaginario
1126 1095 1496 1167 substerni
1540 1108 1618 1167 et
1652 1095 1965 1191 supponi
1999 1095 2316 1183 videtur,
2369 1106 2454 1166 ut

382 1230 531 1278 non
567 1206 903 1278 sensibus
937 1206 1069 1279 sed
1121 1207 1410 1280 ratione
1457 1219 1750 1280 tantum
1784 1207 2066 1305 aliquid
2126 1208 2228 1280 ibi
2292 1231 2452 1280 esse

383 1320 860 1416 intelligatur,
945 1321 1410 1418 suppositam
1479 1333 1555 1393 et
1633 1321 2061 1416 subjeetum.
2192 1321 2452 1415 Itaque

385 1433 714 1506 definitio
750 1435 1080 1529 corporis
1132 1433 1552 1529 hujusmodi
1588 1446 1724 1524 est,
1773 1459 2045 1532 corpus
2096 1444 2212 1506 est
2244 1432 2452 1531 quic-

383 1547 572 1642 quid
635 1573 775 1619 non
845 1547 1272 1645 dependens
1331 1573 1380 1619 a
1448 1558 1710 1620 nostra
1766 1547 2226 1646 cogitatione
2294 1572 2453 1619 cum

383 1660 619 1756 spatii
640 1670 878 1758 parte
913 1659 1174 1757 aliqua
1210 1661 1568 1733 coincidit
1602 1660 1721 1732 vel
1752 1660 2291 1733 coextenditar.

514 1783 585 1845 2.
643 1773 843 1848 Quid
910 1786 1160 1845 autem
1230 1773 1326 1845 sit
1393 1772 1734 1846 accidens
1802 1797 1953 1845 non
2020 1784 2174 1845 tam
2238 1772 2453 1845 facile
2477 1772 2753 1885 &QQffi

386 1885 816 1959 definitione
859 1910 1080 1982 quam
1133 1885 1484 1982 exemplis
1536 1886 1887 1981 explicari
1941 1897 2212 1982 potest.
2318 1885 2455 1958 Co·

383 1999 698 2093 gitemus
737 1999 966 2095 igitur
1014 2023 1281 2095 corpus
1341 1999 1664 2095 spatium
1716 1999 2016 2096 aliquod
2065 2023 2450 2095 occupare,

386 2111 535 2183 sive
590 2137 762 2184 cum
819 2136 906 2183 eo
971 2112 1385 2201 coextendi,
1443 2113 1868 2186 coextensio
1931 2114 2057 2186 illa
2120 2136 2271 2185 non
2340 2125 2456 2187 est

384 2225 622 2320 ipsum
691 2250 957 2321 corpus
1027 2238 1553 2310 coextensum3
1643 2227 1979 2299 similiter
2046 2225 2454 2322 cogitemus

386 2363 649 2435 corpus
719 2340 915 2412 idem
983 2340 1390 2429 transferri,
1461 2341 1588 2413 illa
1655 2340 2041 2414 translatio
2104 2364 2257 2413 non
2341 2351 2456 2413 est

384 2452 622 2548 ipsum
675 2477 942 2549 corpus
993 2453 1483 2537 translatum3
1537 2453 1654 2526 vel
1715 2453 2123 2549 cogitemus
2187 2476 2454 2548 corpus

384 2566 564 2639 illud
599 2592 751 2640 non
787 2567 1194 2656 transferri,
1231 2568 1358 2640 illa
1391 2592 1542 2640 non
1594 2568 2006 2654 translatio,
2044 2591 2175 2639 seu
2220 2567 2451 2662 quieS,

383 2703 533 2752 non
568 2693 683 2752 est
719 2704 983 2776 corpus
1019 2681 1259 2776 ipsum
1295 2681 1699 2776 quiescens.
1774 2680 1975 2756 Quid
2009 2704 2186 2776 ergo
2225 2692 2399 2753 sunt
2429 2680 2453 2751 Ρ

385 2805 557 2865 sunt
590 2793 920 2889 corporis
954 2792 1389 2881 accidentia,
1446 2794 1575 2880 sed
1610 2793 1753 2866 hoc
1789 2794 2027 2889 ipsum
2064 2792 2454 2889 quaerimus

384 2906 574 3002 qaid
599 2907 702 2978 sit
749 2907 1099 2979 accidens
1129 2911 1171 2978 2
1250 2907 1327 2979 in
1364 2932 1509 3003 quo
1573 2907 1870 3002 quidem
1933 2906 2133 3003 quod
2185 2906 2455 2979 intelli-

383 3019 625 3113 gimus
712 3020 1128 3115 quaerimus,
1217 3020 1416 3115 quod
1501 3020 1979 3116 quaerendum
2066 3031 2225 3093 erat
2301 3043 2451 3092 non

386 3133 795 3226 quaerimus.
903 3132 1087 3207 Quis
1129 3134 1325 3206 enim
1362 3146 1496 3224 est,
1556 3135 1704 3229 qui,
1758 3134 2125 3207 dicentem
2176 3133 2456 3229 aliquid

385 3246 683 3318 extendi
734 3246 850 3318 vel
895 3247 1200 3330 moveri,
1253 3247 1370 3319 vel
1402 3271 1554 3319 non
1619 3247 1919 3336 moveri,
1980 3272 2131 3320 non
2167 3269 2456 3342 semper

386 3370 462 3430 et
495 3359 756 3432 eodem
791 3360 1009 3432 modo
1047 3359 1397 3457 intelligit
1428 3360 1452 3431 ?
1525 3360 1807 3433 Vol-unt
1840 3372 2089 3434 tamen
2123 3360 2454 3456 plerique

386 3470 530 3544 dici
567 3472 707 3545 sibi
775 3474 1124 3546 accidens
1188 3498 1352 3546 8338
1429 3474 1750 3571 aliquid,
1820 3474 2102 3547 scilicet
2166 3485 2455 3570 partem

385 3585 702 3680 aliquam
737 3610 983 3658 rerum
1015 3586 1487 3676 naturalium,
1517 3611 1686 3658 cum
1725 3610 1982 3659 revera
2005 3609 2176 3683 pars
2203 3610 2454 3659 earum

386 3723 533 3771 non
570 3699 690 3771 sit.
796 3699 935 3772 His
990 3711 1074 3772 ut
1128 3701 1464 3788 satisfiat,
1521 3700 1823 3796 optime,
1885 3711 2242 3796 quantum
2294 3699 2456 3772 fieri

382 3824 655 3908 potest,
708 3812 1160 3909 respondent
1194 3814 1298 3886 illi
1330 3813 1456 3910 qui
1489 3814 1834 3886 accidens
1887 3814 2249 3886 definiunt
2296 3836 2455 3886 esse

387 3926 668 3998 modam
704 3926 1071 4023 corporiS,
1090 3927 1323 4019 juxta
1356 3952 1568 4023 quem
1607 3926 2027 4023 concipitur
2049 3954 2077 4008 ;
2114 3927 2314 4022 quod
2342 3940 2456 3999 est

385 4037 578 4110 idem
645 4064 731 4111 ac
797 4039 858 4111 si
926 4039 1281 4129 dicerent,
1354 4041 1706 4113 accidens
1766 4065 1930 4112 8338
1986 4039 2456 4136 facultatem

388 4154 729 4249 corporis
814 4179 963 4250 qua
1051 4154 1169 4226 sui
1251 4164 1681 4252 conceptum
1740 4153 1950 4226 nobis
2032 4154 2391 4251 imprimit
2425 4181 2454 4235 ;

389 4288 531 4359 qua
614 4267 1044 4341 definitione
1130 4268 1269 4340 etsi
1355 4292 1505 4341 non
1582 4267 2118 4364 respondeatur
2200 4268 2297 4340 ad
2379 4265 2456 4338 id

390 4380 584 4472 quod
652 4380 1029 4476 quaeritur,
1099 4381 1590 4477 respondetur
1658 4395 1909 4457 tamen
1965 4381 2062 4455 ad
2114 4381 2191 4455 id
2257 4379 2456 4478 quod
