3182 5102
723 495 830 547 nn
870 495 1284 548 sENsroNE
1327 497 1428 548 ΕΤ
1464 496 1699 549 Moru
1739 497 2127 549 ANIMALI.
2335 483 2478 549 333

401 706 405 715 ·
521 670 632 735 13.
687 661 1078 758 Appetitus
1112 675 1358 736 autem
1397 674 1481 735 ut
1515 674 1589 735 et
1624 662 1820 759 fugae
1856 662 2479 735 considerationes

410 774 718 848 diversae
752 786 944 848 sunt.
1050 776 1241 848 Cum
1275 775 1470 848 enim
1498 776 1841 849 animalia
1875 776 2096 849 modo
2132 787 2486 872 appetant

412 889 634 961 modo
685 888 976 985 fugiant
1029 889 1338 962 eandem
1385 913 1565 977 rem,
1621 901 1841 986 prout
1889 890 2322 986 placituram
2372 889 2489 962 vel

411 1002 828 1075 nocituram
882 1002 1020 1074 sibi
1073 1013 1361 1098 putant,
1416 1014 1764 1075 manente
1818 1002 1942 1075 illa
1994 1002 2363 1099 appetitus
2413 1015 2490 1076 et

411 1113 609 1211 fugae
643 1115 1154 1204 alternatione,
1189 1116 1277 1187 fit
1311 1116 1535 1188 series
1571 1115 2106 1212 cogitationum
2139 1116 2286 1203 illa,
2323 1140 2488 1213 quae

412 1227 687 1301 dicitur
720 1228 1172 1302 deliberatio
1195 1256 1222 1311 ;
1275 1253 1440 1325 quae
1474 1241 1629 1302 tam
1677 1229 1804 1302 diu
1849 1229 2065 1302 durat
2105 1254 2324 1326 quam
2361 1229 2488 1302 diu

416 1342 490 1414 in
535 1366 786 1415 eorum
840 1353 1207 1438 potestate
1254 1354 1366 1414 est
1409 1342 1528 1414 vel
1583 1342 1918 1416 obtinere
1973 1341 2172 1439 quod
2220 1343 2485 1438 placet,

412 1455 531 1527 vel
560 1454 760 1551 quod
785 1454 1121 1550 displicet
1144 1456 1487 1551 effugere.
1553 1454 1943 1551 Appetitus
1976 1479 2152 1551 ergo
2188 1466 2261 1527 et
2288 1454 2485 1551 fuga,

415 1568 555 1639 nisi
594 1568 1109 1664 praeexistente
1147 1568 1699 1655 deliberatione,
1745 1568 2176 1664 simpliciter
2225 1592 2490 1641 vocan-

414 1692 537 1754 tur
582 1681 952 1778 appetitus
998 1692 1073 1754 et
1104 1680 1303 1778 fuga.
1409 1681 1556 1754 Sed
1612 1682 1674 1754 si
1727 1681 2183 1778 praecesserit
2217 1679 2490 1754 delibe-

418 1796 628 1883 ratio,
694 1806 874 1867 tunc
939 1794 1242 1868 ultimus
1314 1795 1391 1866 in
1471 1819 1561 1867 ea
1627 1807 1838 1867 actus
1909 1794 2344 1891 appellatur,
2430 1794 2490 1867 si

416 1908 787 2004 appetitus
840 1907 960 1996 sit,
1028 1906 1220 1981 velle
1276 1909 1431 1981 sive
1484 1907 1743 1981 volitio
1767 1936 1795 1992 ,⁰
1855 1909 1917 1980 si
1971 1908 2173 2006 fuga,
2241 1907 2441 1980 nolle
2462 1935 2489 1992 ;

2529 624 2704 721 PARs
2742 673 2830 724 1v.

2641 739 2722 788 25.

2548 810 2831 843 »Ὗ-κ

2517 876 2811 925 Deliberatio
2834 883 2883 924 et

2513 941 2750 1003 voluntas,
2764 942 2893 1006 quid.

415 2023 522 2095 ita
551 2034 636 2095 ut
670 2021 925 2095 eadem
959 2045 1074 2094 res
1107 2022 1447 2096 voluntas
1480 2032 1785 2095 vocetur
1819 2034 1895 2095 et
1937 2022 2330 2118 appetituS,
2366 2021 2494 2094 sed
2609 2074 2619 2081 -

416 2135 930 2224 consideratio,
993 2159 1257 2231 nempe
1326 2160 1420 2209 an
1497 2148 1670 2209 ante
1738 2159 1832 2208 an
1897 2148 2071 2231 post
2139 2134 2495 2208 delibera-

416 2250 717 2342 tionem,
790 2249 1077 2321 diversa
1141 2249 1257 2321 sit.
1389 2248 1651 2344 Neque
1717 2248 1817 2338 id,
1892 2249 2091 2345 quod
2157 2249 2357 2322 intus
2417 2249 2494 2320 in

418 2362 713 2435 homine
745 2363 855 2451 fit,
905 2361 1082 2434 dum
1115 2362 1274 2435 vult
1320 2361 1623 2457 aliquid,
1661 2361 2010 2434 dissimile
2046 2362 2113 2434 ei
2149 2374 2261 2435 est
2296 2362 2494 2459 quod

418 2476 505 2549 fit
558 2476 634 2548 in
677 2475 837 2548 aliis
872 2474 1307 2549 animalibus
1354 2475 1554 2566 dum,
1598 2475 1855 2548 habita
1886 2476 2088 2572 prius
2137 2476 2493 2549 delibera-

418 2590 644 2679 tione,
681 2601 1061 2686 appetunt.

519 2702 777 2799 Neque
811 2702 1110 2774 libertas
1142 2701 1436 2774 volendi
1471 2701 1588 2774 vel
1641 2701 1937 2774 nolendi
1985 2703 2221 2797 major
2264 2714 2380 2776 est
2415 2703 2491 2776 in

418 2816 717 2888 homine
772 2838 990 2910 quam
1051 2815 1127 2887 in
1187 2814 1347 2887 aliis
1392 2814 1849 2887 animalibus
1977 2815 2170 2887 Nam
2231 2816 2310 2889 in
2368 2841 2494 2913 ap-

418 2941 717 3026 petente
775 2927 1170 3025 appetendi
1231 2952 1453 3001 causa
1510 2940 1984 3024 praecesserat
2045 2929 2359 3025 integra,
2416 2942 2492 3002 et

419 3041 727 3139 proinde
762 3042 918 3138 ipsa
960 3041 1338 3137 appetitio,
1376 3054 1462 3115 ut
1497 3066 1657 3137 cap.
1698 3063 1815 3114 1x.
1853 3053 1990 3115 art.
2031 3052 2073 3114 5
2122 3053 2494 3115 ostensum

419 3167 555 3245 est,
604 3181 752 3229 non
794 3155 1000 3253 sequi
1046 3178 1196 3228 non
1229 3167 1545 3250 poterat,
1591 3154 1669 3226 id
1716 3165 1849 3243 est,
1900 3167 2154 3228 secuta
2206 3167 2315 3229 est
2366 3180 2494 3228 ne-

420 3269 758 3342 cessario.
881 3270 1215 3341 Libertas
1271 3268 1500 3364 igitur
1554 3268 1748 3357 talis,
1802 3279 1888 3341 ut
1946 3294 1991 3341 a
2059 3269 2493 3342 necessitate

422 3381 652 3455 libera
693 3382 810 3471 sit,
830 3368 839 3376 ’
858 3406 1094 3478 neque
1136 3375 1517 3454 hominum
1552 3405 1790 3478 neque
1823 3383 2207 3455 brutorum
2239 3382 2496 3455 volun-

420 3495 555 3568 tati
590 3496 957 3569 convenit.
1033 3495 1257 3570 Quod
1282 3495 1344 3568 si
1376 3518 1509 3591 per
1537 3493 1965 3567 libertatem
1999 3495 2493 3591 intelligamus

421 3608 871 3698 facultatem,
924 3632 1075 3681 non
1133 3609 1431 3706 quidem
1475 3607 1796 3696 volendi,
1846 3608 1975 3680 sed
2016 3633 2181 3705 quae
2236 3609 2496 3681 volunt

393 3722 782 3819 faciendi,
820 3747 909 3795 ea
941 3734 1140 3795 certe
1175 3723 1473 3795 libertas
1514 3720 1807 3816 utrique
1848 3721 2152 3793 concedi
2197 3732 2490 3817 potest;

423 3845 500 3908 et
532 3859 701 3907 cum
733 3835 967 3924 adest,
1002 3858 1211 3930 aeque
1243 3835 1536 3930 utrique
1571 3832 1804 3907 adest.

524 3947 827 4036 RursuS,
898 3948 1265 4043 appetitus
1328 3959 1404 4019 et
1469 3945 1650 4042 fuga
1714 3945 1890 4019 dum
1958 3947 2292 4020 celeriter
2357 3946 2493 4019 sibi

420 4071 679 4133 mutuo
734 4060 1160 4149 succedunt,
1215 4085 1484 4135 nomen
1541 4061 1769 4133 habet
1811 4072 1970 4133 tota
2022 4085 2112 4133 ex
2161 4062 2247 4134 iis
2301 4060 2497 4134 facta

421 4174 644 4247 series
705 4174 926 4247 modo
986 4174 1078 4246 ab
1151 4199 1321 4264 una,
1381 4173 1603 4247 modo
1657 4173 1748 4246 ab
1804 4173 2053 4246 altera.
2157 4174 2351 4246 Nam
2401 4175 2493 4247 ab

423 4288 751 4382 appetitu
784 4311 969 4382 speS,
1017 4311 1062 4358 a
1092 4286 1270 4383 fuga
1307 4298 1560 4359 metusv
1594 4286 1883 4376 dicitur,
1928 4287 2182 4360 eadem
2225 4299 2493 4360 nutans

423 4400 642 4474 modo
676 4399 773 4474 ad
817 4399 1145 4486 alteram,
1192 4399 1412 4473 modo
1462 4398 1557 4473 ad
1604 4401 1903 4474 alteram
1953 4413 2263 4497 partem,
2313 4400 2492 4473 deli-
