3182 5102
745 485 889 565 276
1227 505 1334 557 ΒΕ
1372 506 1883 558 RATIONIBUS
1923 503 2312 557 MOTUUM.

388 679 561 794 mig
584 679 689 730 111·
743 684 819 746 et
850 695 985 769 per
1035 696 1489 769 consequens
1540 689 1849 747 conatus
1886 674 1978 746 ab
2015 675 2083 746 A
2114 697 2267 746 non
2302 670 2444 743 erit
2495 690 2626 765 per
2658 665 2718 738 E
2740 666 2807 738 A

397 780 663 855 ὓ-·,-’--κ
740 786 1199 884 productam,
1257 787 1386 858 sed
1438 787 1634 860 ultra
1687 811 1870 875 eam,
1932 798 2018 859 ut
2068 786 2144 857 in
2205 784 2272 855 A
2299 784 2356 855 Ι.
2462 781 2708 854 Quare
2750 778 2809 850 si

747 922 1014 995 corpus
1051 898 1338 988 durum,
1376 902 1501 972 810.
1552 900 1748 997 quod
1779 911 1939 973 erat
1978 898 2463 996 probandum.
2567 895 2810 988 Atque

743 1013 903 1085 haec
960 1012 1255 1108 quidem
1290 1038 1335 1085 a
1369 1025 1572 1086 recta
1625 1014 1692 1085 A
1722 1013 1784 1087 G
1839 1011 2301 1108 divergentia
2357 1020 2579 1081 rectae
2623 1008 2691 1078 A
2713 1005 2813 1092 H,

746 1126 1091 1221 appellari
1145 1126 1333 1198 solet
1387 1127 1479 1199 ab
1540 1126 1807 1222 opticis
1860 1125 2254 1198 refractio:
2310 1145 2472 1219 quae
2519 1119 2815 1216 quidem

743 1240 852 1326 fit,
914 1239 1208 1333 quando
1276 1239 1631 1312 transitus
1693 1251 1806 1312 est
1865 1239 2106 1334 primo
2166 1235 2474 1323 facilior,
2551 1229 2817 1305 deinde

746 1350 1130 1438 difficilior,
1187 1352 1559 1448 vergendo
1615 1354 1707 1426 ab
1763 1353 2117 1425 inclinata
2176 1351 2271 1423 ad
2335 1345 2819 1444 perpendicu-

744 1464 1015 1547 larem;
1091 1475 1352 1537 contra
1433 1488 1634 1552 vero,
1722 1464 2015 1561 quando
2102 1462 2456 1537 transitus
2539 1459 2822 1557 primus

748 1576 1110 1649 difficilior
1142 1588 1278 1664 est,
1312 1577 1604 1673 longius
1638 1603 1683 1650 a
1715 1576 2303 1675 perpendiculari
2338 1571 2699 1647 abeundo.

393 1696 587 1744 Motum
619 1709 721 1742 0⁸⁸0
848 1697 916 1762 8.
972 1689 1447 1761 Manifestum
1509 1703 1623 1764 est
1663 1692 1824 1786 (per
1860 1692 2238 1764 theorema
2264 1690 2342 1781 6)
2403 1686 2479 1758 in
2510 1685 2641 1758 tali
2676 1684 2826 1757 situ

393 1760 721 1901 ssgffiggam
749 1803 1092 1876 collocari
1152 1826 1368 1897 posse
1420 1804 1570 1876 vim
1625 1818 2066 1893 moventem,
2120 1816 2207 1876 ut
2264 1802 2357 1874 ab
2420 1825 2506 1872 ea
2561 1810 2830 1894 agatur

393 1899 621 1940 ¹¹¹⁰v⁶¹m⁰
751 1915 1020 1988 mobile
1081 1939 1214 2012 per
1272 1916 1464 1988 viam
1522 1917 1659 1990 viae
1714 1918 2077 1990 moventis
2130 1917 2285 1989 fere
2352 1911 2828 1997 contrariam,

752 2027 1364 2126 quemadmodum
1400 2030 1559 2101 fieri
1595 2029 1925 2102 videmus
1953 2030 2030 2102 in
2063 2041 2272 2101 motu
2305 2026 2623 2100 navium.

855 2142 968 2215 Sit
1029 2141 1223 2214 enim
1291 2142 1399 2233 (in
1453 2143 1578 2239 fig.
1636 2144 1714 2236 2)
1755 2143 2025 2216 mobile
2078 2143 2254 2231 AB,
2311 2152 2492 2236 puta
2536 2162 2828 2227 navem,

756 2256 964 2350 cujus
1051 2254 1437 2352 longitudo
1499 2280 1545 2328 a
1609 2281 1834 2353 prora
1912 2256 2007 2329 ad
2092 2255 2398 2352 puppim
2483 2252 2580 2325 sit
2648 2252 2716 2322 A
2742 2252 2828 2323 B.

755 2369 1038 2440 Ventus
1107 2380 1354 2440 autem
1439 2369 1577 2464 ipsi
1647 2369 2025 2442 incumbat
2110 2368 2508 2441 secundum
2587 2376 2832 2437 rectas

754 2479 1137 2575 parallelas
1174 2480 1232 2553 C
1257 2480 1340 2571 B,
1397 2481 1462 2554 D
1488 2482 1571 2571 E,
1629 2481 1811 2566 FG;
1867 2493 1943 2554 et
1994 2506 2040 2554 a
2070 2492 2347 2577 puncto
2386 2480 2447 2551 B
2483 2477 2708 2551 ducta
2733 2478 2834 2550 ad

755 2605 1036 2666 rectam
1082 2594 1150 2666 A
1179 2594 1238 2665 B
1296 2595 1921 2690 perpendicularis
1981 2608 2182 2668 secet
2233 2596 2297 2666 D
2322 2595 2406 2682 Ε,
2461 2594 2517 2664 F
2543 2592 2606 2665 G
2654 2592 2731 2663 in
2772 2592 2834 2663 E

758 2718 834 2777 et
868 2706 953 2779 G.
1059 2705 1365 2801 Sintque
1415 2707 1474 2777 B
1498 2708 1582 2796 Ε,
1640 2708 1699 2779 Ε
1728 2708 1791 2781 G
1845 2709 2039 2781 inter
2085 2732 2163 2781 se
2214 2707 2553 2803 aequales,
2590 2717 2666 2777 et
2700 2730 2835 2778 an-

757 2818 972 2913 gulus
1002 2818 1070 2890 A
1093 2817 1152 2888 B
1181 2818 1239 2890 C
1275 2819 1986 2916 quantuluscunque.
2097 2819 2379 2893 Deinde
2421 2819 2615 2891 inter
2652 2818 2711 2888 Β
2742 2818 2834 2903 C,

763 2932 822 3002 B
845 2932 912 3003 A
941 2931 1252 3003 ducatur
1278 2942 1484 3003 recta
1518 2932 1652 3021 BI,
1689 2933 2090 3005 secundum
2126 2956 2346 3027 quam
2373 2930 2837 3026 concipiatur

763 3043 1077 3140 expandi
1111 3044 1377 3132 velum,
1415 3044 1492 3115 in
1542 3044 1738 3140 quod
1767 3046 2010 3118 velum
2063 3045 2426 3141 impingat
2457 3055 2721 3116 ventus
2756 3042 2836 3115 in

762 3156 1057 3255 punctis
1116 3157 1198 3245 L,
1236 3156 1345 3243 M,
1402 3158 1488 3245 B,
1525 3182 1571 3229 a
1606 3157 1868 3254 quibus
1921 3161 2216 3254 punctis
2270 3159 2635 3231 ducantur
2667 3180 2836 3254 per-

763 3269 1332 3367 pendiculariter
1358 3282 1581 3343 rectae
1606 3271 1763 3356 ΒΚ,
1795 3272 1976 3357 MQ,
2006 3273 2144 3345 LP.
2248 3272 2582 3368 Denique
2619 3292 2840 3365 super

765 3394 1043 3456 rectam
1080 3382 1216 3455 BG
1250 3383 1616 3456 ducantur
1646 3384 2284 3480 perpendiculares
2340 3385 2501 3472 EN,
2525 3384 2588 3457 G
2609 3384 2673 3457 O
2730 3406 2841 3456 se-

769 3509 1020 3569 cantes
1058 3496 1192 3568 BK
1226 3496 1303 3568 in
1339 3497 1411 3568 H
1451 3509 1526 3569 et
1562 3499 1655 3586 K,
1690 3499 2019 3594 fiantque
2061 3499 2229 3587 HN,
2263 3498 2399 3571 ΚΟ
2429 3508 2589 3570 tum
2614 3507 2838 3569 rectae

777 3609 924 3689 BA,
961 3621 1118 3681 tum
1155 3609 1347 3682 inter
1382 3634 1458 3682 se
1486 3612 1825 3707 aequales.
1929 3612 2113 3685 Dico
2146 3612 2305 3684 fore
2332 3624 2417 3684 ut
2442 3611 2651 3683 navis
2683 3610 2837 3697 BA,

771 3746 815 3793 a
846 3735 1069 3794 vento
1105 3723 1429 3817 spirante
1476 3748 1611 3819 per
1647 3724 1705 3795 C
1737 3724 1824 3813 B,
1862 3724 1928 3797 D
1952 3725 2036 3813 Ε,
2074 3724 2235 3812 FG,
2289 3724 2612 3820 aliasque
2662 3723 2841 3820 ipsis

771 3834 1179 3930 parallelas,
1229 3837 1700 3933 provehatur,
1758 3838 1913 3912 fere
1986 3837 2062 3911 in
2139 3837 2560 3934 oppositum
2613 3836 2842 3918 venti,

774 3946 850 4019 id
903 3961 1035 4038 est,
1070 3972 1203 4046 per
1241 3950 1435 4022 viam
1467 3950 1607 4023 viae
1654 3951 2019 4024 moventis
2050 3951 2204 4023 fere
2241 3951 2708 4024 contrariam.

872 4061 1157 4135 Ventus
1226 4062 1446 4151 enim,
1517 4064 1642 4159 qui
1708 4065 1841 4137 flat
1910 4064 2312 4137 secundum
2382 4065 2440 4135 C
2470 4064 2554 4153 B,
2643 4063 2849 4136 dabit

777 4186 1123 4247 conatum
1158 4188 1433 4271 puncto
1473 4176 1532 4247 B
1566 4176 2015 4273 procedendi
2070 4177 2185 4272 (ut
2210 4190 2349 4250 art.
2380 4186 2425 4250 6
2474 4190 2852 4250 ostensum

781 4289 923 4380 est)
962 4311 1096 4384 per
1130 4301 1409 4362 rectam
1444 4302 1669 4363 rectae
1705 4291 1824 4363 BI
1859 4290 2564 4387 perpendicularem,
2605 4291 2682 4362 id
2716 4303 2853 4379 est,

778 4423 910 4494 per
947 4401 1006 4472 B
1036 4402 1127 4489 K,
1168 4414 1242 4474 et
1286 4403 1579 4496 punctis
1632 4403 1710 4474 M
1750 4416 1825 4476 et
1854 4405 1914 4476 L
1946 4403 2393 4499 procedendi
2434 4427 2569 4500 per
2614 4417 2858 4478 rectas
