3182 5102
1510 474 1576 536 xi

474 658 682 723 omnia
708 658 876 724 bona
903 658 1290 736 dicentibus;
1333 657 1454 722 illis
1504 659 1774 736 interim,
1820 658 2239 724 ecclesiasticis
2276 657 2619 744 praesertim

475 796 901 882 cujuscunque
973 794 1238 881 generis,
1312 794 1528 880 gravia
1598 795 1858 860 crimina
1924 817 2005 859 ne
2072 794 2276 859 dicam
2346 794 2622 859 convicia

477 931 703 1016 passim
746 929 1246 1008 intentantibus3
1290 951 1590 1016 magnum
1620 929 1891 1017 denique
1918 929 2357 1017 discipulorum
2402 951 2622 993 nume-

480 1089 640 1143 rum,
681 1066 791 1154 qui
836 1080 1081 1130 tantum
1125 1064 1445 1130 hominem
1493 1081 1792 1154 tanquam
1835 1089 2014 1131 novae
2062 1065 2323 1152 alicujus
2351 1067 2620 1153 philoso-

477 1201 745 1287 phorum
773 1201 1025 1267 familiae
1054 1201 1400 1288 principem
1428 1215 1493 1266 et
1519 1201 1848 1266 authorem
1876 1200 2355 1267 consectantur?

569 1474 731 1538 Cum
760 1474 973 1561 itaque
998 1472 1243 1560 pararia
1270 1496 1460 1559 opera
1485 1473 1549 1540 J.
1569 1475 1651 1539 A.
1684 1474 1801 1537 viri
1828 1474 2065 1559 optimi,
2108 1474 2173 1538 in
2204 1496 2425 1539 manus
2455 1497 2624 1539 meas

482 1608 795 1675 incidisset
820 1609 1066 1675 libellus
1094 1609 1173 1674 de
1199 1609 1328 1673 vita
1354 1622 1419 1674 et
1446 1610 1722 1674 moribus
1753 1609 2018 1688 Hobbii,
2048 1632 2088 1674 a
2115 1608 2297 1675 docto
2326 1609 2618 1697 quodam,

483 1767 724 1810 summo
752 1747 806 1831 ej
814 1768 885 1810 us
912 1745 1110 1810 amico
1139 1745 1520 1831 conscriptus
1565 1746 1848 1811 oratione
1892 1768 2039 1811 sane
2084 1746 2278 1833 gravi,
2331 1745 2625 1831 prudenti

484 1903 556 1945 ac
582 1880 879 1959 modesta,
926 1880 1051 1945 mei
1077 1880 1260 1945 officii
1287 1903 1419 1946 esse
1448 1880 1623 1959 duxi,
1673 1881 1905 1968 publici
1956 1882 2159 1968 ipsum
2199 1882 2361 1967 juris
2404 1882 2623 1947 facere.

490 2018 679 2093 Quod
734 2017 990 2106 quidem
1044 2017 1324 2103 praestiti,
1383 2017 1480 2082 his
1535 2033 1852 2104 permotus
1908 2018 2291 2096 rationibus;
2365 2031 2499 2081 tum
2556 2031 2627 2081 ut

487 2153 801 2218 memoriae
873 2152 1228 2218 Hobbianae
1297 2151 1741 2231 consuleretur,
1814 2155 1896 2218 ob
1952 2153 2167 2219 allatas
2223 2153 2627 2239 philosophiae

488 2291 826 2357 secundum
870 2291 1221 2357 libertatem
1249 2289 1587 2368 vindicias3
1633 2289 1802 2377 quod
1851 2288 2058 2354 hercle
2101 2289 2339 2355 facinus
2383 2312 2627 2355 summe

488 2427 842 2516 gloriosum,
873 2442 1013 2514 post
1041 2425 1492 2503 Verulamium,
1520 2426 1891 2504 Cartesium,
1919 2426 2330 2505 Gassendum,
2362 2440 2628 2514 quantos

489 2565 693 2630 viros!
757 2564 1007 2652 egregie
1080 2563 1458 2649 perpetravit
1532 2584 1797 2650 magnus
1850 2562 1952 2628 ille
2012 2561 2628 2643 Malmesburiensis;

491 2714 625 2764 tum
652 2714 725 2766 ut
750 2699 963 2765 amicis
1006 2700 1239 2786 pariter
1266 2721 1340 2764 ac
1368 2699 1634 2765 inimicis
1660 2698 1740 2764 de
1767 2700 1901 2786 ipso
1929 2700 2271 2766 satisfieret.
2363 2700 2536 2775 Quin
2566 2716 2631 2765 et

491 2835 776 2901 nonnulli
825 2836 944 2901 hoc
994 2837 1198 2922 ipsum
1242 2836 1324 2901 ad
1356 2836 1625 2933 ‘laudem
1673 2850 1861 2924 atque
1911 2835 2100 2902 decus
2148 2837 2353 2924 gentis
2400 2851 2631 2902 nostrae

491 2971 661 3037 haud
687 2973 1080 3038 mediocriter
1108 2973 1374 3038 attinere
1402 2973 1846 3038 existimarent.

580 3243 825 3309 Nollem
853 3259 1064 3310 autem
1092 3243 1505 3310 hallucinetur
1541 3245 1783 3333 aliquis,
1832 3246 2008 3333 quasi
2035 3268 2138 3311 me
2165 3246 2232 3309 in
2261 3244 2422 3310 illius
2451 3245 2632 3310 disci·
2686 3268 2690 3273 ·

493 3381 728 3468 plinam
784 3398 1082 3471 tanquam
1142 3383 1209 3446 in
1258 3384 1620 3448 servitutem
1675 3382 2041 3462 addixerim,
2100 3383 2168 3447 in
2226 3383 2386 3448 illius
2442 3385 2633 3448 verba

478 3521 786 3607 juratum,
839 3521 1203 3606 opinionum
1247 3519 1468 3584 vadem
1496 3533 1561 3584 et
1587 3541 1948 3605 sponsorem
1992 3518 2310 3599 futurum3
2352 3536 2462 3585 aut
2489 3544 2632 3585 cum

490 3678 809 3743 quoquam
859 3656 968 3744 qui
1014 3655 1096 3720 ob
1144 3655 1468 3720 materiam
1518 3656 1794 3744 aliquam
1843 3655 2078 3721 bellum
2129 3658 2244 3744 ipsi
2292 3657 2635 3723 literarium

490 3792 811 3871 indixerit,
884 3793 1297 3858 contentionis
1360 3816 1594 3858 serram
1658 3793 2011 3858 ducturum.
2128 3793 2275 3859 Non
2333 3795 2501 3859 enim
2556 3794 2637 3860 de

490 3927 739 4014 scriptis
807 3929 942 4015 ejus
1012 3929 1351 3994 aliorumve
1408 3930 1732 3994 contrariis
1801 3929 1954 3993 mihi
2011 3929 2338 3994 arbitrium
2394 3951 2638 3994 sumere

489 4049 741 4129 animus
769 4078 879 4142 est,
929 4065 1032 4128 cui
1059 4065 1309 4151 negotio
1355 4087 1545 4152 quam
1597 4066 1797 4152 impar
1841 4066 1977 4144 sim,
2031 4065 2212 4131 facile
2256 4065 2472 4144 sentio,
2527 4065 2638 4130 sed

490 4201 732 4265 nudam
782 4201 912 4266 veri
965 4214 1029 4265 et
1076 4200 1222 4265 facti
1276 4201 1597 4266 historiam
1655 4224 2019 4288 proponere,
2078 4201 2356 4289 nihilque
2413 4202 2637 4266 intem-

488 4338 735 4423 pestivo
808 4337 1169 4424 praejudicio
1240 4360 1516 4404 onerare.
1628 4338 1841 4415 Quare
1909 4339 2221 4405 neminem
2278 4338 2431 4404 mihi
2492 4340 2639 4424 jure
