3182 5102
675 456 811 520 100
1264 471 1833 523 PmLOSOPmA
1871 471 2156 521 PRIMA.

323 646 498 695 PARS
536 644 606 694 Π·
672 659 890 732 (1110111
925 635 1127 708 aliud
1164 660 1436 734 corpus
1475 649 1817 734 occupat,
1870 637 2203 732 quamvis
2244 659 2395 709 non
2440 636 2538 709 sit
2573 637 2765 733 ejus-

347 717 596 817 ss
670 750 838 822 dem
886 750 1170 844 figurae,
1234 749 1296 821 si
1359 750 1610 840 mod0,
1675 750 1994 823 flexione
2057 762 2134 823 et
2188 749 2767 845 transpositione

671 862 1023 960 partium,
1057 862 1134 934 in
1171 863 1480 936 eandem
1514 865 1831 960 figuram
1864 864 2102 959 redigi
2136 863 2616 958 intelligatur.

775 975 1039 1070 Majus
1076 984 1322 1047 autem
1372 986 1488 1048 est
1543 1000 1819 1075 corpus
1869 1000 2187 1075 corpore
2232 977 2530 1074 quando
2565 996 2769 1073 pars

677 1089 885 1161 illius
913 1088 1083 1161 huic
1108 1089 1250 1161 toti
1278 1099 1393 1161 est
1428 1089 1775 1187 aequaliS.
1877 1089 2138 1163 Minus
2166 1102 2438 1177 autem,
2472 1086 2770 1186 quando

674 1203 856 1276 illud
893 1214 1132 1275 totum
1168 1203 1371 1299 parti
1401 1203 1622 1300 hujus
1649 1215 1765 1276 est
1792 1203 2094 1300 aequale.
2181 1203 2459 1276 Eadem
2481 1203 2769 1276 ratione

675 1315 1109 1412 magnitudo
1187 1316 1686 1414 magnitudini
1767 1316 2094 1413 aequaliS,
2162 1317 2281 1390 vel
2348 1319 2584 1414 major
2653 1314 2773 1387 vel

676 1430 917 1502 minor
969 1429 1287 1513 dicitur;
1339 1430 1688 1503 videlicet
1746 1430 2041 1525 quando
2092 1454 2407 1526 corpora
2458 1453 2773 1526 quorum

676 1543 820 1615 illae
856 1554 1031 1615 sunt
1064 1543 1618 1638 magnitudines
1655 1545 1941 1641 majora
1985 1543 2298 1640 aequalia
2331 1544 2449 1616 vel
2483 1544 2775 1616 minora

683 1667 880 1729 sunt.

291 1771 656 1846 Uniunetejmf·
793 1778 903 1841 14.
960 1768 1198 1841 Unius
1259 1781 1508 1842 autem
1571 1782 1649 1843 et
1707 1770 2040 1867 ejusdem
2104 1770 2437 1867 corporis
2492 1793 2644 1841 una
2698 1780 2775 1841 et

291 1838 401 1883 dem
448 1851 659 1897 corporis

289 1902 491 1949 eandem
534 1916 659 1948 sem-
685 1883 943 1955 eadem
964 1906 1255 1979 semper
1277 1893 1391 1956 est
1413 1883 1874 1979 magnitudo.
1948 1883 2133 1957 Cum
2157 1884 2354 1957 0111111
2383 1906 2675 1978 corpuS,
2698 1894 2776 1954 et

289 1982 375 2029 per
396 1981 497 2013 esse
523 1981 662 2029 mag-

291 2031 577 2079 nitudinem,
686 1995 1143 2094 magnitudo,
1180 2008 1258 2068 et
1290 1995 1497 2069 locus
1540 1998 1723 2094 ejuS‚
1761 1997 2010 2071 animo
2059 1995 2589 2093 comprehendi
2623 2019 2775 2069 non

683 2109 996 2207 possint,
1059 2109 1204 2181 nisi
1270 2121 1357 2182 ut
1428 2109 1950 2199 coincidentia,
2021 2110 2082 2182 si
2140 2132 2408 2205 corpus
2477 2108 2778 2205 aliquod

686 2223 1086 2320 quiescere,
1136 2222 1216 2295 id
1271 2234 1407 2311 est,
1459 2223 1539 2296 in
1584 2223 1846 2296 eodem
1892 2223 2058 2297 1000
2108 2247 2246 2320 pro
2295 2233 2628 2318 tempore
2662 2246 2777 2295 re-

685 2359 984 2409 manere
1034 2335 1520 2432 intelligatur,
1567 2336 1810 2432 sitque
1852 2335 2288 2433 magnitudo
2325 2337 2481 2433 ejus
2516 2337 2594 2408 in
2630 2360 2781 2409 una

686 2460 900 2547 parte
945 2448 1301 2546 temporis
1363 2449 1558 2522 illius
1607 2452 1865 2548 major,
1930 2450 2008 2523 in
2060 2449 2206 2523 alia
2256 2449 2522 2538 minor,
2571 2449 2778 2522 locus

693 2563 821 2660 qui
857 2562 1055 2635 idem
1095 2575 1234 2650 est,
1290 2562 1664 2636 coincidet
1713 2564 1936 2637 modo
1989 2587 2159 2636 cum
2208 2565 2512 2659 majore,
2559 2561 2780 2635 modo

692 2700 860 2749 cum
921 2676 1210 2748 minore
1271 2676 1813 2773 magnitudine,
1876 2677 1956 2750 id
2016 2688 2132 2749 est
2190 2676 2386 2749 idem
2439 2675 2645 2749 locus
2708 2687 2785 2748 et

691 2791 930 2885 major
971 2800 1048 2861 et
1084 2789 1331 2862 minor
1376 2788 1521 2862 erit
1557 2789 1822 2886 seipso,
1882 2787 2084 2886 quod
2139 2800 2253 2861 est
2306 2787 2782 2884 impossibile.

696 2900 844 2974 Sed
880 2924 1037 2972 rem
1092 2900 1203 2973 ita
1234 2925 1371 2998 per
1423 2924 1502 2974 se
1535 2901 2005 2974 manifestam
2058 2901 2564 2974 demonstrare
2600 2921 2784 2997 opus

696 3037 848 3086 non
880 3024 1099 3102 esset,
1151 3014 1294 3087 nisi
1328 3014 1656 3087 viderem
1705 3013 1993 3110 aliquos
2042 3014 2149 3086 ita
2202 3015 2295 3087 de
2345 3038 2656 3110 corpore
2708 3025 2787 3087 et

700 3125 1214 3222 magnitudine
1274 3128 1432 3224 ejus
1492 3126 1793 3215 sentire,
1848 3138 2202 3223 tanquam
2262 3127 2460 3199 idem
2520 3149 2788 3224 corpus

703 3239 1073 3313 divulsum
1135 3264 1181 3312 a
1241 3263 1375 3312 sua
1430 3240 1944 3336 magnitudine
2008 3241 2324 3313 existere
2379 3252 2456 3313 et
2509 3242 2788 3336 majore

701 3377 875 3426 mox
908 3352 1028 3426 vel
1062 3353 1349 3426 minore
1385 3353 1650 3425 donari
1682 3364 1959 3449 posset,
2013 3365 2091 3425 et
2138 3352 2236 3426 ad
2267 3352 2417 3425 rari
2468 3364 2546 3426 et
2579 3352 2791 3426 densi

704 3477 1049 3539 naturam
1084 3465 1595 3562 explicandam
1629 3466 1775 3539 hoc
1808 3466 1923 3539 uti
1957 3466 2345 3563 principio,

377 3602 637 3679 Velocius,
817 3588 930 3652 15.
986 3579 1265 3665 Motus,
1314 3590 1681 3675 quatenus
1717 3602 1830 3669 eo,
1887 3579 2275 3676 longitudo
2328 3590 2557 3666 certa,
2602 3591 2793 3653 tem-

379 3669 507 3731 qu¹d‘
705 3715 890 3789 pore
925 3703 1156 3780 certo,
1195 3691 1602 3765 transmitti
1636 3703 1911 3788 potest,
1948 3691 2363 3788 appellatur
2388 3692 2751 3765 velocitas
2761 3719 2790 3776 ,-

709 3830 883 3878 nam
917 3805 1058 3878 etsi
1090 3804 1306 3878 velox
1342 3805 1743 3902 saepissime
1779 3804 2072 3878 dicatur
2101 3829 2268 3879 cum
2304 3806 2662 3879 relatione
2697 3805 2795 3879 ad

712 3918 1013 3992 tardius
1049 3919 1202 3992 sive
1246 3918 1483 3991 minus
1515 3918 1755 4007 velox,
1807 3918 2000 3991 sicut
2052 3943 2403 4015 magnum
2452 3931 2797 4016 respectu

711 4030 1042 4117 minoriS,
1102 4043 1353 4104 tamen
1413 4042 1501 4103 ut
1559 4030 1996 4127 magnitudo
2058 4031 2257 4129 apud
2314 4031 2795 4129 philosophos

715 4142 1033 4215 sumitur
1066 4143 1404 4216 absolute
1438 4167 1573 4240 pro
1613 4144 2067 4234 extensione,
2110 4145 2219 4218 ita
2266 4169 2559 4241 quoque
2593 4145 2796 4219 velo-

716 4256 900 4328 citas
929 4256 1107 4352 poni
1140 4281 1277 4353 pro
1306 4268 1515 4331 motu
1543 4257 1950 4331 secundum
1976 4258 2517 4354 longitudinem
2546 4270 2796 4356 potest

717 4368 1073 4441 absolute.
2116 4384 2121 4389 ·
