<?xml version="1.0" encoding="UTF-8"?>
<!DOCTYPE html PUBLIC "-//W3C//DTD XHTML 1.0 Transitional//EN"
    "http://www.w3.org/TR/xhtml1/DTD/xhtml1-transitional.dtd">
<html xmlns="http://www.w3.org/1999/xhtml" xml:lang="en" lang="en">
 <head>
  <title>
</title>
<meta http-equiv="Content-Type" content="text/html;charset=utf-8" />
  <meta name='ocr-system' content='tesseract 3.04.00' />
  <meta name='ocr-capabilities' content='ocr_page ocr_carea ocr_par ocr_line ocrx_word'/>
</head>
<body>
  <div class='ocr_page' id='page_1' title='image "./thomhobbesmalme03molegoog_0124.png"; bbox 0 0 3182 5102; ppageno 0'>
   <div class='ocr_carea' id='block_1_1' title="bbox 1131 494 2163 550">
    <p class='ocr_par' dir='ltr' id='par_1_1' title="bbox 1131 494 2163 550">
     <span class='ocr_line' id='line_1_1' title="bbox 1131 494 2163 550; baseline 0.005 -5"><span class='ocrx_word' id='word_1_1' title='bbox 1131 494 1528 546; x_wconf 83' lang='lat' dir='ltr'>EPISTOLA</span> <span class='ocrx_word' id='word_1_2' title='bbox 1567 495 2163 550; x_wconf 75' lang='lat' dir='ltr'>DEDICATORIA.</span> 
     </span>
    </p>
   </div>
   <div class='ocr_carea' id='block_1_2' title="bbox 561 674 2744 1076">
    <p class='ocr_par' dir='ltr' id='par_1_2' title="bbox 561 674 2744 1076">
     <span class='ocr_line' id='line_1_2' title="bbox 561 674 2744 774; baseline 0.002 -27"><span class='ocrx_word' id='word_1_3' title='bbox 561 674 847 748; x_wconf 88' lang='lat' dir='ltr'>ratione</span> <span class='ocrx_word' id='word_1_4' title='bbox 931 675 1248 748; x_wconf 89' lang='lat' dir='ltr'>naturali</span> <span class='ocrx_word' id='word_1_5' title='bbox 1326 675 1720 749; x_wconf 82' lang='lat' dir='ltr'>defendere</span> <span class='ocrx_word' id='word_1_6' title='bbox 1797 676 2275 767; x_wconf 72' lang='lat' dir='ltr'><strong>conabantur,</strong></span> <span class='ocrx_word' id='word_1_7' title='bbox 2360 690 2744 774; x_wconf 76' lang='lat' dir='ltr'>coeperunt</span> 
     </span>
     <span class='ocr_line' id='line_1_3' title="bbox 561 825 2738 924; baseline 0.002 -27"><span class='ocrx_word' id='word_1_8' title='bbox 561 825 1060 921; x_wconf 90' lang='lat' dir='ltr'>philosophari</span> <span class='ocrx_word' id='word_1_9' title='bbox 1099 826 1322 898; x_wconf 81' lang='lat' dir='ltr'>etiam</span> <span class='ocrx_word' id='word_1_10' title='bbox 1354 826 1518 923; x_wconf 80' lang='lat' dir='ltr'>ipsi,</span> <span class='ocrx_word' id='word_1_11' title='bbox 1553 837 1634 899; x_wconf 91' lang='lat' dir='ltr'>et</span> <span class='ocrx_word' id='word_1_12' title='bbox 1666 827 1941 923; x_wconf 86' lang='lat' dir='ltr'>placita</span> <span class='ocrx_word' id='word_1_13' title='bbox 1972 827 2328 901; x_wconf 92' lang='lat' dir='ltr'>nonnulla</span> <span class='ocrx_word' id='word_1_14' title='bbox 2360 853 2450 901; x_wconf 87' lang='lat' dir='ltr'>ex</span> <span class='ocrx_word' id='word_1_15' title='bbox 2500 827 2738 924; x_wconf 92' lang='lat' dir='ltr'>philo-</span> 
     </span>
     <span class='ocr_line' id='line_1_4' title="bbox 563 974 2739 1076; baseline 0.002 -29"><span class='ocrx_word' id='word_1_16' title='bbox 563 976 962 1071; x_wconf 89' lang='lat' dir='ltr'>sophorum</span> <span class='ocrx_word' id='word_1_17' title='bbox 994 974 1456 1049; x_wconf 86' lang='lat' dir='ltr'>ethnicorum</span> <span class='ocrx_word' id='word_1_18' title='bbox 1492 977 1787 1072; x_wconf 90' lang='lat' dir='ltr'>scriptis</span> <span class='ocrx_word' id='word_1_19' title='bbox 1837 978 2236 1074; x_wconf 83' lang='lat' dir='ltr'>Scripturae</span> <span class='ocrx_word' id='word_1_20' title='bbox 2284 979 2528 1052; x_wconf 84' lang='lat' dir='ltr'>Saorae</span> <span class='ocrx_word' id='word_1_21' title='bbox 2579 978 2739 1076; x_wconf 92' lang='lat' dir='ltr'>pla-</span> 
     </span>
    </p>
   </div>
   <div class='ocr_carea' id='block_1_3' title="bbox 561 1125 2869 1227">
    <p class='ocr_par' dir='ltr' id='par_1_3' title="bbox 561 1125 2869 1227">
     <span class='ocr_line' id='line_1_5' title="bbox 561 1125 2869 1227; baseline 0.002 -29"><span class='ocrx_word' id='word_1_22' title='bbox 561 1125 725 1199; x_wconf 91' lang='lat' dir='ltr'>citis</span> <span class='ocrx_word' id='word_1_23' title='bbox 771 1125 1200 1200; x_wconf 78' lang='lat' dir='ltr'>admiscere.</span> <span class='ocrx_word' id='word_1_24' title='bbox 1310 1126 1408 1199; x_wconf 92' lang='lat' dir='ltr'>Et</span> <span class='ocrx_word' id='word_1_25' title='bbox 1456 1126 1697 1223; x_wconf 88' lang='lat' dir='ltr'>primo</span> <span class='ocrx_word' id='word_1_26' title='bbox 1753 1128 2050 1223; x_wconf 91' lang='lat' dir='ltr'>quidem</span> <span class='ocrx_word' id='word_1_27' title='bbox 2104 1129 2454 1227; x_wconf 79' lang='lat' dir='ltr'>dogmata</span> <span class='ocrx_word' id='word_1_28' title='bbox 2503 1129 2736 1203; x_wconf 89' lang='lat' dir='ltr'>admi-</span> <span class='ocrx_word' id='word_1_29' title='bbox 2861 1151 2869 1161; x_wconf 75' lang='lat'><strong>‘</strong></span> 
     </span>
    </p>
   </div>
   <div class='ocr_carea' id='block_1_4' title="bbox 540 1278 2735 2888">
    <p class='ocr_par' dir='ltr' id='par_1_4' title="bbox 540 1278 2735 2888">
     <span class='ocr_line' id='line_1_6' title="bbox 558 1278 2735 1354; baseline 0.002 -4"><span class='ocrx_word' id='word_1_30' title='bbox 558 1290 815 1350; x_wconf 91' lang='lat' dir='ltr'>serunt</span> <span class='ocrx_word' id='word_1_31' title='bbox 871 1278 1227 1351; x_wconf 91' lang='lat' dir='ltr'>nonnulla</span> <span class='ocrx_word' id='word_1_32' title='bbox 1283 1301 1376 1352; x_wconf 84' lang='lat' dir='ltr'>ex</span> <span class='ocrx_word' id='word_1_33' title='bbox 1430 1278 1736 1352; x_wconf 89' lang='lat' dir='ltr'>Platone</span> <span class='ocrx_word' id='word_1_34' title='bbox 1796 1280 2037 1353; x_wconf 88' lang='lat' dir='ltr'>minus</span> <span class='ocrx_word' id='word_1_35' title='bbox 2089 1280 2334 1354; x_wconf 85' lang='lat' dir='ltr'>noxia.</span> <span class='ocrx_word' id='word_1_36' title='bbox 2449 1280 2735 1354; x_wconf 89' lang='lat' dir='ltr'>Deinde</span> 
     </span>
     <span class='ocr_line' id='line_1_7' title="bbox 552 1429 2733 1527; baseline 0.002 -27"><span class='ocrx_word' id='word_1_37' title='bbox 552 1451 732 1502; x_wconf 78' lang='lat' dir='ltr'>vero</span> <span class='ocrx_word' id='word_1_38' title='bbox 768 1429 990 1504; x_wconf 87' lang='lat' dir='ltr'>etiam</span> <span class='ocrx_word' id='word_1_39' title='bbox 1026 1454 1117 1503; x_wconf 84' lang='lat' dir='ltr'>ex</span> <span class='ocrx_word' id='word_1_40' title='bbox 1150 1430 1355 1504; x_wconf 88' lang='lat' dir='ltr'>libris</span> <span class='ocrx_word' id='word_1_41' title='bbox 1392 1430 1721 1527; x_wconf 83' lang='lat' dir='ltr'>Physicae</span> <span class='ocrx_word' id='word_1_42' title='bbox 1769 1432 2350 1506; x_wconf 89' lang='lat' dir='ltr'>Auscultationis</span> <span class='ocrx_word' id='word_1_43' title='bbox 2383 1443 2460 1506; x_wconf 92' lang='lat' dir='ltr'>et</span> <span class='ocrx_word' id='word_1_44' title='bbox 2493 1432 2733 1505; x_wconf 89' lang='lat' dir='ltr'>Meta-</span> 
     </span>
     <span class='ocr_line' id='line_1_8' title="bbox 551 1578 2731 1678; baseline 0.003 -27"><span class='ocrx_word' id='word_1_45' title='bbox 551 1578 1021 1675; x_wconf 84' lang='lat' dir='ltr'>physicorum</span> <span class='ocrx_word' id='word_1_46' title='bbox 1087 1580 1500 1654; x_wconf 89' lang='lat' dir='ltr'>Aristotelis</span> <span class='ocrx_word' id='word_1_47' title='bbox 1552 1582 1786 1655; x_wconf 90' lang='lat' dir='ltr'>multa</span> <span class='ocrx_word' id='word_1_48' title='bbox 1849 1581 2101 1678; x_wconf 90' lang='lat' dir='ltr'>inepta</span> <span class='ocrx_word' id='word_1_49' title='bbox 2169 1594 2245 1656; x_wconf 91' lang='lat' dir='ltr'>et</span> <span class='ocrx_word' id='word_1_50' title='bbox 2296 1583 2481 1657; x_wconf 86' lang='lat' dir='ltr'>falsa</span> <span class='ocrx_word' id='word_1_51' title='bbox 2529 1606 2731 1656; x_wconf 83' lang='lat' dir='ltr'>assu-</span> 
     </span>
     <span class='ocr_line' id='line_1_9' title="bbox 551 1730 2732 1828; baseline 0.002 -27"><span class='ocrx_word' id='word_1_52' title='bbox 551 1740 857 1821; x_wconf 78' lang='lat' dir='ltr'>menteS,</span> <span class='ocrx_word' id='word_1_53' title='bbox 914 1730 1088 1803; x_wconf 89' lang='lat' dir='ltr'>fidei</span> <span class='ocrx_word' id='word_1_54' title='bbox 1150 1730 1585 1805; x_wconf 85' lang='lat' dir='ltr'>Christianae</span> <span class='ocrx_word' id='word_1_55' title='bbox 1642 1733 1848 1828; x_wconf 83' lang='lat' dir='ltr'><strong>quasi</strong></span> <span class='ocrx_word' id='word_1_56' title='bbox 1902 1731 2343 1807; x_wconf 83' lang='lat' dir='ltr'>introductis</span> <span class='ocrx_word' id='word_1_57' title='bbox 2398 1733 2732 1807; x_wconf 84' lang='lat' dir='ltr'>hostibus</span> 
     </span>
     <span class='ocr_line' id='line_1_10' title="bbox 550 1882 2724 1982; baseline 0 -26"><span class='ocrx_word' id='word_1_58' title='bbox 550 1907 793 1957; x_wconf 86' lang='lat' dir='ltr'>arcem</span> <span class='ocrx_word' id='word_1_59' title='bbox 859 1882 1361 1980; x_wconf 87' lang='lat' dir='ltr'>prodiderunt.</span> <span class='ocrx_word' id='word_1_60' title='bbox 1486 1885 1598 1957; x_wconf 84' lang='lat' dir='ltr'>Ex</span> <span class='ocrx_word' id='word_1_61' title='bbox 1663 1909 1751 1959; x_wconf 88' lang='lat' dir='ltr'>eo</span> <span class='ocrx_word' id='word_1_62' title='bbox 1820 1896 2155 1982; x_wconf 89' lang='lat' dir='ltr'>tempore</span> <span class='ocrx_word' id='word_1_63' title='bbox 2221 1910 2358 1982; x_wconf 90' lang='lat' dir='ltr'>pro</span> <span class='ocrx_word' id='word_1_64' title='bbox 2418 1885 2724 1957; x_wconf 66' lang='grc' dir='ltr'>ἓεοσεὲεἱα</span> 
     </span>
     <span class='ocr_line' id='line_1_11' title="bbox 549 2033 2725 2134; baseline 0 -28"><span class='ocrx_word' id='word_1_65' title='bbox 549 2033 937 2108; x_wconf 80' lang='lat' dir='ltr'>habuimus</span> <span class='ocrx_word' id='word_1_66' title='bbox 981 2035 1489 2110; x_wconf 78' lang='lat' dir='ltr'>scholasticam</span> <span class='ocrx_word' id='word_1_67' title='bbox 1542 2035 1816 2109; x_wconf 79' lang='lat' dir='ltr'>dictam</span> <span class='ocrx_word' id='word_1_68' title='bbox 1864 2036 2231 2134; x_wconf 64' lang='grc' dir='ltr'>θεολογίαν,</span> <span class='ocrx_word' id='word_1_69' title='bbox 2286 2036 2475 2132; x_wconf 80' lang='lat' dir='ltr'>pede</span> <span class='ocrx_word' id='word_1_70' title='bbox 2525 2036 2725 2108; x_wconf 81' lang='lat' dir='ltr'>ince-</span> 
     </span>
     <span class='ocr_line' id='line_1_12' title="bbox 548 2183 2722 2283; baseline 0.001 -26"><span class='ocrx_word' id='word_1_71' title='bbox 548 2183 846 2259; x_wconf 90' lang='lat' dir='ltr'>dentem</span> <span class='ocrx_word' id='word_1_72' title='bbox 903 2187 1134 2260; x_wconf 89' lang='lat' dir='ltr'>altero</span> <span class='ocrx_word' id='word_1_73' title='bbox 1212 2186 1532 2282; x_wconf 85' lang='lat' dir='ltr'>quidem,</span> <span class='ocrx_word' id='word_1_74' title='bbox 1607 2210 1771 2283; x_wconf 85' lang='lat' dir='ltr'>quae</span> <span class='ocrx_word' id='word_1_75' title='bbox 1845 2198 1960 2259; x_wconf 89' lang='lat' dir='ltr'>est</span> <span class='ocrx_word' id='word_1_76' title='bbox 2028 2186 2408 2283; x_wconf 81' lang='lat' dir='ltr'>Scriptura</span> <span class='ocrx_word' id='word_1_77' title='bbox 2475 2187 2722 2277; x_wconf 87' lang='lat' dir='ltr'>Sacra,</span> 
     </span>
     <span class='ocr_line' id='line_1_13' title="bbox 546 2335 2723 2434; baseline 0.001 -25"><span class='ocrx_word' id='word_1_78' title='bbox 546 2337 810 2420; x_wconf 89' lang='lat' dir='ltr'>firmo;</span> <span class='ocrx_word' id='word_1_79' title='bbox 882 2335 1115 2410; x_wconf 87' lang='lat' dir='ltr'>altero</span> <span class='ocrx_word' id='word_1_80' title='bbox 1172 2347 1417 2409; x_wconf 90' lang='lat' dir='ltr'>autem</span> <span class='ocrx_word' id='word_1_81' title='bbox 1469 2335 1795 2433; x_wconf 88' lang='lat' dir='ltr'>putrido,</span> <span class='ocrx_word' id='word_1_82' title='bbox 1859 2360 2024 2432; x_wconf 85' lang='lat' dir='ltr'>quae</span> <span class='ocrx_word' id='word_1_83' title='bbox 2092 2348 2206 2410; x_wconf 91' lang='lat' dir='ltr'>est</span> <span class='ocrx_word' id='word_1_84' title='bbox 2261 2337 2723 2434; x_wconf 89' lang='lat' dir='ltr'>philosophia</span> 
     </span>
     <span class='ocr_line' id='line_1_14' title="bbox 545 2485 2722 2586; baseline 0.001 -26"><span class='ocrx_word' id='word_1_85' title='bbox 545 2487 669 2561; x_wconf 88' lang='lat' dir='ltr'>illa</span> <span class='ocrx_word' id='word_1_86' title='bbox 684 2511 688 2515; x_wconf 69' lang='grc'><em>’</em></span> <span class='ocrx_word' id='word_1_87' title='bbox 705 2511 924 2584; x_wconf 90' lang='lat' dir='ltr'>quam</span> <span class='ocrx_word' id='word_1_88' title='bbox 957 2488 1356 2586; x_wconf 89' lang='lat' dir='ltr'>Apostolus</span> <span class='ocrx_word' id='word_1_89' title='bbox 1391 2487 1660 2562; x_wconf 93' lang='lat' dir='ltr'>Paulus</span> <span class='ocrx_word' id='word_1_90' title='bbox 1694 2485 2092 2584; x_wconf 84' lang='lat' dir='ltr'>appellavit</span> <span class='ocrx_word' id='word_1_91' title='bbox 2134 2510 2422 2578; x_wconf 86' lang='lat' dir='ltr'>vanam,</span> <span class='ocrx_word' id='word_1_92' title='bbox 2474 2489 2722 2585; x_wconf 87' lang='lat' dir='ltr'>potuit</span> 
     </span>
     <span class='ocr_line' id='line_1_15' title="bbox 541 2637 2719 2734; baseline 0.001 -22"><span class='ocrx_word' id='word_1_93' title='bbox 541 2639 1075 2734; x_wconf 80' lang='lat' dir='ltr'>perniciosam3</span> <span class='ocrx_word' id='word_1_94' title='bbox 1128 2638 1694 2712; x_wconf 86' lang='lat' dir='ltr'>innumerabiles</span> <span class='ocrx_word' id='word_1_95' title='bbox 1728 2638 1927 2711; x_wconf 89' lang='lat' dir='ltr'>enim</span> <span class='ocrx_word' id='word_1_96' title='bbox 1959 2637 2086 2711; x_wconf 88' lang='lat' dir='ltr'>illa</span> <span class='ocrx_word' id='word_1_97' title='bbox 2143 2639 2221 2711; x_wconf 92' lang='lat' dir='ltr'>in</span> <span class='ocrx_word' id='word_1_98' title='bbox 2257 2639 2433 2712; x_wconf 91' lang='lat' dir='ltr'>orbe</span> <span class='ocrx_word' id='word_1_99' title='bbox 2469 2639 2719 2714; x_wconf 87' lang='lat' dir='ltr'>Chris-</span> 
     </span>
     <span class='ocr_line' id='line_1_16' title="bbox 540 2787 2717 2888; baseline 0 -26"><span class='ocrx_word' id='word_1_100' title='bbox 540 2790 742 2863; x_wconf 89' lang='lat' dir='ltr'>tiano</span> <span class='ocrx_word' id='word_1_101' title='bbox 778 2789 869 2864; x_wconf 93' lang='lat' dir='ltr'>de</span> <span class='ocrx_word' id='word_1_102' title='bbox 921 2791 1280 2888; x_wconf 86' lang='lat' dir='ltr'>religione</span> <span class='ocrx_word' id='word_1_103' title='bbox 1322 2788 1879 2878; x_wconf 83' lang='lat' dir='ltr'>controversias,</span> <span class='ocrx_word' id='word_1_104' title='bbox 1936 2787 2156 2862; x_wconf 84' lang='lat' dir='ltr'>etex</span> <span class='ocrx_word' id='word_1_105' title='bbox 2200 2790 2717 2863; x_wconf 86' lang='lat' dir='ltr'>controversiis</span> 
     </span>
    </p>
   </div>
   <div class='ocr_carea' id='block_1_5' title="bbox 538 2940 2716 3166">
    <p class='ocr_par' dir='ltr' id='par_1_5' title="bbox 538 2940 2716 3166">
     <span class='ocr_line' id='line_1_17' title="bbox 539 2940 2716 3038; baseline -0 -23"><span class='ocrx_word' id='word_1_106' title='bbox 539 2942 733 3015; x_wconf 92' lang='lat' dir='ltr'>bella</span> <span class='ocrx_word' id='word_1_107' title='bbox 776 2943 1141 3016; x_wconf 82' lang='lat' dir='ltr'>excitavit.</span> <span class='ocrx_word' id='word_1_108' title='bbox 1257 2941 1530 3015; x_wconf 88' lang='lat' dir='ltr'>Similis</span> <span class='ocrx_word' id='word_1_109' title='bbox 1576 2942 1894 3015; x_wconf 86' lang='lat' dir='ltr'>existens</span> <span class='ocrx_word' id='word_1_110' title='bbox 1947 2942 2289 3038; x_wconf 85' lang='lat' dir='ltr'>Empusae</span> <span class='ocrx_word' id='word_1_111' title='bbox 2341 2940 2538 3038; x_wconf 89' lang='lat' dir='ltr'>apud</span> <span class='ocrx_word' id='word_1_112' title='bbox 2591 2965 2716 3015; x_wconf 89' lang='lat' dir='ltr'>co-</span> 
     </span>
     <span class='ocr_line' id='line_1_18' title="bbox 538 3090 2714 3166; baseline -0 0"><span class='ocrx_word' id='word_1_113' title='bbox 538 3093 809 3166; x_wconf 90' lang='lat' dir='ltr'>micum</span> <span class='ocrx_word' id='word_1_114' title='bbox 862 3093 1410 3166; x_wconf 89' lang='lat' dir='ltr'>Atheniensem.</span> <span class='ocrx_word' id='word_1_115' title='bbox 1511 3091 1623 3164; x_wconf 91' lang='lat' dir='ltr'>Ea</span> <span class='ocrx_word' id='word_1_116' title='bbox 1668 3091 1866 3164; x_wconf 90' lang='lat' dir='ltr'>enim</span> <span class='ocrx_word' id='word_1_117' title='bbox 1910 3090 2219 3164; x_wconf 88' lang='lat' dir='ltr'>Athenis</span> <span class='ocrx_word' id='word_1_118' title='bbox 2271 3091 2714 3165; x_wconf 81' lang='lat' dir='ltr'>daemonium</span> 
     </span>
    </p>
   </div>
   <div class='ocr_carea' id='block_1_6' title="bbox 526 3240 2714 4244">
    <p class='ocr_par' dir='ltr' id='par_1_6' title="bbox 526 3240 2714 4244">
     <span class='ocr_line' id='line_1_19' title="bbox 535 3240 2712 3338; baseline 0 -23"><span class='ocrx_word' id='word_1_119' title='bbox 535 3244 968 3334; x_wconf 90' lang='lat' dir='ltr'>habebatur,</span> <span class='ocrx_word' id='word_1_120' title='bbox 1049 3242 1385 3317; x_wconf 90' lang='lat' dir='ltr'>mutabili</span> <span class='ocrx_word' id='word_1_121' title='bbox 1467 3242 1732 3338; x_wconf 89' lang='lat' dir='ltr'>specie,</span> <span class='ocrx_word' id='word_1_122' title='bbox 1800 3240 2110 3338; x_wconf 88' lang='lat' dir='ltr'>pedibus</span> <span class='ocrx_word' id='word_1_123' title='bbox 2177 3241 2409 3316; x_wconf 90' lang='lat' dir='ltr'>altero</span> <span class='ocrx_word' id='word_1_124' title='bbox 2480 3266 2712 3331; x_wconf 85' lang='lat' dir='ltr'>aeneo,</span> 
     </span>
     <span class='ocr_line' id='line_1_20' title="bbox 535 3391 2710 3487; baseline -0.001 -20"><span class='ocrx_word' id='word_1_125' title='bbox 535 3393 764 3469; x_wconf 84' lang='lat' dir='ltr'>altero</span> <span class='ocrx_word' id='word_1_126' title='bbox 798 3396 1110 3486; x_wconf 88' lang='lat' dir='ltr'>asinino,</span> <span class='ocrx_word' id='word_1_127' title='bbox 1144 3396 1393 3487; x_wconf 90' lang='lat' dir='ltr'>missa,</span> <span class='ocrx_word' id='word_1_128' title='bbox 1434 3405 1521 3467; x_wconf 92' lang='lat' dir='ltr'>ut</span> <span class='ocrx_word' id='word_1_129' title='bbox 1554 3391 2019 3481; x_wconf 85' lang='lat' dir='ltr'>credebatur,</span> <span class='ocrx_word' id='word_1_130' title='bbox 2072 3392 2166 3465; x_wconf 95' lang='lat' dir='ltr'>ab</span> <span class='ocrx_word' id='word_1_131' title='bbox 2223 3393 2533 3478; x_wconf 88' lang='lat' dir='ltr'>Hecate,</span> <span class='ocrx_word' id='word_1_132' title='bbox 2572 3391 2710 3464; x_wconf 90' lang='lat' dir='ltr'>im-</span> 
     </span>
     <span class='ocr_line' id='line_1_21' title="bbox 533 3541 2714 3639; baseline -0.001 -22"><span class='ocrx_word' id='word_1_133' title='bbox 533 3545 880 3619; x_wconf 89' lang='lat' dir='ltr'>minentis</span> <span class='ocrx_word' id='word_1_134' title='bbox 907 3544 1475 3619; x_wconf 89' lang='lat' dir='ltr'>Atheniensibus</span> <span class='ocrx_word' id='word_1_135' title='bbox 1508 3542 1896 3616; x_wconf 82' lang='lat' dir='ltr'>infortunii</span> <span class='ocrx_word' id='word_1_136' title='bbox 1925 3542 2363 3639; x_wconf 51' lang='lat' dir='ltr'>praenuntia⁶</span> <span class='ocrx_word' id='word_1_137' title='bbox 2435 3541 2714 3616; x_wconf 88' lang='lat' dir='ltr'>Contra</span> 
     </span>
     <span class='ocr_line' id='line_1_22' title="bbox 530 3693 2705 3795; baseline -0.001 -26"><span class='ocrx_word' id='word_1_138' title='bbox 530 3695 721 3770; x_wconf 87' lang='lat' dir='ltr'>hano</span> <span class='ocrx_word' id='word_1_139' title='bbox 758 3696 1160 3795; x_wconf 88' lang='lat' dir='ltr'>Empusam</span> <span class='ocrx_word' id='word_1_140' title='bbox 1194 3697 1670 3786; x_wconf 83' lang='lat' dir='ltr'>exorcismus,</span> <span class='ocrx_word' id='word_1_141' title='bbox 1707 3693 1954 3786; x_wconf 88' lang='lat' dir='ltr'>credo,</span> <span class='ocrx_word' id='word_1_142' title='bbox 2002 3695 2261 3768; x_wconf 91' lang='lat' dir='ltr'>melior</span> <span class='ocrx_word' id='word_1_143' title='bbox 2302 3694 2705 3791; x_wconf 84' lang='lat' dir='ltr'>excogitari</span> 
     </span>
     <span class='ocr_line' id='line_1_23' title="bbox 529 3844 2703 3944; baseline -0.001 -25"><span class='ocrx_word' id='word_1_144' title='bbox 529 3870 678 3920; x_wconf 91' lang='lat' dir='ltr'>non</span> <span class='ocrx_word' id='word_1_145' title='bbox 711 3858 981 3944; x_wconf 87' lang='lat' dir='ltr'>potest,</span> <span class='ocrx_word' id='word_1_146' title='bbox 1018 3871 1241 3944; x_wconf 87' lang='lat' dir='ltr'>quam</span> <span class='ocrx_word' id='word_1_147' title='bbox 1271 3858 1360 3921; x_wconf 91' lang='lat' dir='ltr'>ut</span> <span class='ocrx_word' id='word_1_148' title='bbox 1390 3846 1788 3944; x_wconf 75' lang='lat' dir='ltr'>religioniS,</span> <span class='ocrx_word' id='word_1_149' title='bbox 1825 3845 1904 3919; x_wconf 90' lang='lat' dir='ltr'>id</span> <span class='ocrx_word' id='word_1_150' title='bbox 1944 3858 2082 3932; x_wconf 92' lang='lat' dir='ltr'>est,</span> <span class='ocrx_word' id='word_1_151' title='bbox 2117 3845 2255 3919; x_wconf 90' lang='lat' dir='ltr'>Dei</span> <span class='ocrx_word' id='word_1_152' title='bbox 2287 3844 2703 3919; x_wconf 89' lang='lat' dir='ltr'>honorandi</span> 
     </span>
     <span class='ocr_line' id='line_1_24' title="bbox 528 3979 2701 4094; baseline -0 -25"><span class='ocrx_word' id='word_1_153' title='bbox 528 3979 960 4093; x_wconf 90' lang='lat' dir='ltr'>colendique</span> <span class='ocrx_word' id='word_1_154' title='bbox 1005 3996 1280 4094; x_wconf 85' lang='lat' dir='ltr'>regulae</span> <span class='ocrx_word' id='word_1_155' title='bbox 1313 4021 1359 4070; x_wconf 98' lang='lat' dir='ltr'>a</span> <span class='ocrx_word' id='word_1_156' title='bbox 1391 3996 1678 4093; x_wconf 89' lang='lat' dir='ltr'>legibus</span> <span class='ocrx_word' id='word_1_157' title='bbox 1723 3995 2105 4093; x_wconf 78' lang='lat' dir='ltr'>petendae,</span> <span class='ocrx_word' id='word_1_158' title='bbox 2142 4017 2190 4067; x_wconf 96' lang='lat' dir='ltr'>a</span> <span class='ocrx_word' id='word_1_159' title='bbox 2218 3993 2701 4091; x_wconf 76' lang='lat' dir='ltr'>philosophiae</span> 
     </span>
     <span class='ocr_line' id='line_1_25' title="bbox 526 4144 2699 4244; baseline -0.001 -25"><span class='ocrx_word' id='word_1_160' title='bbox 526 4147 821 4244; x_wconf 88' lang='lat' dir='ltr'>regulis,</span> <span class='ocrx_word' id='word_1_161' title='bbox 844 4146 923 4219; x_wconf 95' lang='lat' dir='ltr'>id</span> <span class='ocrx_word' id='word_1_162' title='bbox 943 4158 1079 4236; x_wconf 88' lang='lat' dir='ltr'>est,</span> <span class='ocrx_word' id='word_1_163' title='bbox 1102 4171 1147 4219; x_wconf 92' lang='lat' dir='ltr'>a</span> <span class='ocrx_word' id='word_1_164' title='bbox 1165 4147 1624 4242; x_wconf 86' lang='lat' dir='ltr'>privatorum</span> <span class='ocrx_word' id='word_1_165' title='bbox 1648 4146 2029 4220; x_wconf 92' lang='lat' dir='ltr'>hominum</span> <span class='ocrx_word' id='word_1_166' title='bbox 2059 4144 2526 4241; x_wconf 85' lang='lat' dir='ltr'>dogmatibus</span> <span class='ocrx_word' id='word_1_167' title='bbox 2555 4145 2699 4218; x_wconf 90' lang='lat' dir='ltr'>dis-</span> 
     </span>
    </p>
   </div>
   <div class='ocr_carea' id='block_1_7' title="bbox 524 4295 2698 4397">
    <p class='ocr_par' dir='ltr' id='par_1_7' title="bbox 524 4295 2698 4397">
     <span class='ocr_line' id='line_1_26' title="bbox 524 4295 2698 4397; baseline -0.001 -26"><span class='ocrx_word' id='word_1_168' title='bbox 524 4298 980 4395; x_wconf 86' lang='lat' dir='ltr'>tinguantur,</span> <span class='ocrx_word' id='word_1_169' title='bbox 1017 4322 1324 4397; x_wconf 84' lang='lat' dir='ltr'>quaeque</span> <span class='ocrx_word' id='word_1_170' title='bbox 1361 4298 1733 4394; x_wconf 91' lang='lat' dir='ltr'>religionis</span> <span class='ocrx_word' id='word_1_171' title='bbox 1781 4310 1955 4370; x_wconf 86' lang='lat' dir='ltr'>sunt</span> <span class='ocrx_word' id='word_1_172' title='bbox 1991 4296 2391 4391; x_wconf 85' lang='lat' dir='ltr'>Scripturae</span> <span class='ocrx_word' id='word_1_173' title='bbox 2428 4295 2698 4383; x_wconf 85' lang='lat' dir='ltr'>Sacrae,</span> 
     </span>
    </p>
   </div>
  </div>
 </body>
</html>
