3182 5102
373 615 545 666 PARS
581 616 668 666 1v.

473 683 554 730 26.

319 820 682 883 Aliaquaedam
743 839 760 854 ·

320 901 546 947 argumen
516 897 650 999 utana

319 965 601 1014 vacuumpo

319 1015 505 1064 dumin
510 1016 680 1065 valida.

743 431 886 497 346
1588 450 1973 503 PanmA.

742 624 1088 686 conatum
1121 614 1443 686 omnium
1499 615 1764 689 inclusi
1808 617 1996 691 aeris
2045 617 2394 746 partium,
2447 642 2583 713 per
2634 642 2843 690 vlam

739 725 1265 815 brevissimam,
1300 750 1554 800 versus
1586 728 1918 803 foramen
1953 730 2151 826 quod
2184 742 2296 803 est
2322 731 2401 803 in
2439 731 2523 802 B.
2640 733 2844 804 Haec

740 862 1041 935 mquam
1092 850 1247 912 tam
1306 841 1698 915 manifesta
1751 855 1949 933 sunt,
2010 867 2230 940 quam
2297 844 2499 939 quod
2567 868 2725 931 aer,
2791 869 2842 916 a

664 951 969 1025 ¹¹·fundo
1049 953 1373 1027 fluminis
1459 968 1861 1047 eructatus,
1944 981 2080 1053 per
2145 981 2412 1053 aquam
2478 968 2841 1053 penetret

739 1066 1240 1163 cujuscunque
1324 1068 1760 1142 altitudinis,
1914 1070 2267 1143 Nondum
2351 1093 2531 1166 ergo
2603 1069 2835 1143 video

740 1203 1035 1252 causam
1069 1182 1319 1269 ullam,
1370 1206 1597 1279 quare
1639 1207 1783 1279 quo
1836 1197 2170 1279 tempore
2220 1208 2415 1279 aqua
2463 1183 2830 1278 injicitur,

739 1317 890 1366 non
922 1294 1157 1389 possit
1190 1318 1317 1367 aer
1352 1295 1612 1369 eodem
1645 1307 1979 1393 tempore
2013 1310 2090 1371 et
2127 1297 2385 1370 eadem
2417 1296 2560 1385 via,
2600 1297 2698 1368 ab
2734 1321 2834 1368 ea

736 1406 811 1478 vi
843 1406 1223 1501 injiciente
1260 1408 1449 1505 ejici.

839 1519 1062 1593 Quod
1129 1532 1379 1594 autem
1444 1522 1659 1594 vacui
1729 1522 2249 1596 necessitatem
2305 1546 2352 1594 a
2410 1522 2825 1618 rejectione

737 1657 948 1729 aquae
981 1657 1290 1731 arguere
1321 1634 1625 1720 volunt3
1679 1659 1929 1732 quaero
1974 1636 2238 1732 primo,
2272 1635 2519 1731 posito
2555 1659 2822 1723 vacu0,

739 1771 884 1843 quo
951 1747 1317 1843 principio
1384 1760 1631 1821 motus
1699 1749 1966 1843 ejectio
2046 1748 2172 1821 illa
2229 1746 2422 1821 fiat?
2558 1748 2822 1821 Motus

739 1859 1035 1955 quidem
1067 1860 1189 1933 ille
1223 1861 1317 1933 ab
1357 1860 1556 1934 intra
1600 1862 1694 1934 ad
1730 1875 1941 1935 extra
1989 1861 2151 1933 fieri
2186 1884 2338 1933 non
2386 1871 2639 1956 potest
2675 1861 2823 1933 nisi

737 1973 830 2045 ab
874 1985 1142 2070 agente
1187 1973 1385 2047 intra
1419 1997 1570 2063 vaS,
1627 1974 1705 2047 id
1758 1986 1895 2064 est,
1944 1974 2037 2047 ab
2086 1975 2247 2070 ipso
2298 1996 2493 2046 aere.
2598 1974 2821 2046 Aeris

736 2097 984 2159 autem
1045 2085 1239 2159 illius
1306 2098 1575 2176 motuS,
1647 2111 1866 2184 quem
1931 2087 2159 2160 habet
2221 2087 2315 2160 ab
2381 2087 2821 2183 insurgente

735 2222 950 2294 aqua,
988 2223 1033 2271 a
1063 2198 1295 2272 fundo
1330 2199 1613 2296 incipit,
1664 2200 1761 2272 ad
1810 2223 2178 2272 summum
2228 2198 2514 2282 tendit;
2567 2213 2821 2273 motus

735 2322 1008 2399 autem,
1044 2335 1192 2407 quo
1235 2335 1502 2407 aquam
1536 2312 1761 2408 ejicit,
1815 2337 1861 2385 a
1894 2336 2180 2385 summo
2232 2312 2557 2406 incipere
2593 2313 2821 2386 debet

735 2434 812 2495 et
893 2423 1196 2496 tendere
1280 2423 1377 2496 ad
1450 2424 1783 2497 fundum.
1925 2423 2143 2497 Unde
2209 2423 2439 2519 igitur
2498 2424 2575 2496 in
2646 2449 2822 2498 aere

735 2537 1017 2610 incluso
1068 2536 1304 2611 oritur
1340 2551 1651 2613 conatus
1685 2562 1940 2612 versus
1974 2536 2337 2611 fundum?
2440 2537 2645 2612 Quid
2693 2539 2820 2612 hic

735 2649 880 2722 dici
914 2650 1173 2746 possit,
1211 2676 1231 2722 ι
1263 2651 1351 2724 isi
1381 2652 1543 2747 quis
1578 2675 1823 2725 aerem
1858 2651 1954 2724 ad
2006 2650 2511 2747 expellendam
2544 2675 2819 2748 aquam

737 2763 1180 2836 descendere
1227 2764 1426 2837 ultro
1477 2764 1699 2853 dicat,
1752 2787 1907 2837 non
1958 2763 2334 2860 intelligo:
2388 2761 2588 2858 quod
2640 2764 2820 2860 quia

733 2877 1135 2950 absurdum
1169 2889 1309 2967 est,
1355 2877 1769 2972 habeatque
1802 2900 1931 2948 aer
1975 2888 2147 2972 post
2181 2875 2500 2948 infusam
2542 2900 2816 2972 aquam

734 3002 1027 3063 tantum
1092 2990 1261 3080 loci,
1333 3002 1692 3087 quantum
1752 2992 1909 3086 ejus
1968 2989 2300 3085 postulat
2350 2989 2814 3085 magnitudO,

730 3105 935 3178 nulla
1008 3105 1307 3178 omnino
1380 3128 1602 3178 causa
1667 3103 1808 3177 erit
1869 3126 2093 3199 quare
2152 3101 2544 3199 ejiceretur
2596 3127 2814 3199 aqua.

736 3219 1024 3315 Pugnat
1091 3241 1268 3316 ergo
1324 3219 1538 3291 vacui
1593 3216 1901 3291 assertio
1970 3240 2137 3289 cum
2204 3215 2388 3311 ipsc,
2450 3215 2649 3310 quod
2714 3216 2810 3289 ad

732 3332 1204 3405 asserendum
1237 3356 1549 3405 vacuum
1585 3330 2001 3420 adducitur,
2039 3329 2564 3424 experimento.

833 3445 1077 3519 Multa
1116 3446 1261 3518 alia
1309 3446 1406 3519 ad
1450 3444 1913 3542 probandum
1966 3466 2280 3515 vacuum
2324 3442 2814 3537 phaenomena

732 3559 980 3633 afferri
1021 3560 1285 3649 solent,
1334 3569 1419 3632 ut
1466 3559 2019 3645 thermometra,
2073 3554 2451 3651 aeolipylae,
2500 3554 2809 3650 sclopeti

737 3672 1134 3756 ventanei;
1199 3696 1364 3768 quae
1417 3671 1738 3769 quidem,
1790 3670 1852 3742 si
1909 3669 2061 3741 aeri
2109 3668 2364 3763 pervia
2413 3692 2606 3764 aqua
2654 3691 2806 3740 non

730 3797 948 3875 esset,
977 3785 1132 3858 sine
1164 3785 1307 3858 loci
1344 3784 1580 3858 inanis
1616 3782 2058 3857 admissione
2086 3779 2509 3853 difficillime
2541 3781 2805 3854 salvari

727 3910 1053 3995 possent.
1118 3898 1339 3972 Nunc
1373 3910 1648 3988 autem,
1678 3921 1848 3971 cum
1880 3919 2007 3968 aer
2039 3918 2175 3969 nec
2203 3918 2474 3991 magno
2503 3906 2802 3984 conatu,

727 4035 882 4085 non
915 4011 1137 4084 modo
1170 4031 1305 4107 per
1337 4035 1625 4107 aquam,
1672 4008 1802 4083 sed
1834 4009 2059 4081 etiam
2092 4031 2225 4103 per
2260 4006 2571 4104 quodvis
2603 4007 2800 4080 aliud

730 4124 1456 4198 contumacissimum
1480 4123 1861 4219 liquidum,
1884 4121 2119 4217 qualis
2148 4132 2257 4193 est
2276 4120 2801 4217 hydrargyrus,

723 4261 1100 4332 permeare
1149 4238 1408 4334 possit,
1460 4237 1646 4310 nihil
1693 4236 2032 4332 probant.
2134 4235 2632 4307 Veruntamen
2684 4259 2803 4307 raf-

722 4351 945 4423 tionis
980 4363 1117 4439 est,
1145 4365 1230 4424 ut
1264 4352 1349 4442 is,
1381 4352 1506 4447 qui
1534 4375 1848 4425 vacuum
1881 4350 2300 4423 sublaturus
2326 4359 2461 4438 est,
2488 4349 2802 4443 praedic-
