<?xml version="1.0" encoding="UTF-8"?>
<!DOCTYPE html PUBLIC "-//W3C//DTD XHTML 1.0 Transitional//EN"
    "http://www.w3.org/TR/xhtml1/DTD/xhtml1-transitional.dtd">
<html xmlns="http://www.w3.org/1999/xhtml" xml:lang="en" lang="en">
 <head>
  <title>
</title>
<meta http-equiv="Content-Type" content="text/html;charset=utf-8" />
  <meta name='ocr-system' content='tesseract 3.04.00' />
  <meta name='ocr-capabilities' content='ocr_page ocr_carea ocr_par ocr_line ocrx_word'/>
</head>
<body>
  <div class='ocr_page' id='page_1' title='image "./thomhobbesmalme03molegoog_0543.png"; bbox 0 0 3182 5102; ppageno 0'>
   <div class='ocr_carea' id='block_1_1' title="bbox 712 486 2476 570">
    <p class='ocr_par' dir='ltr' id='par_1_1' title="bbox 712 486 2476 570">
     <span class='ocr_line' id='line_1_1' title="bbox 712 486 2476 570; baseline 0.002 -18"><span class='ocrx_word' id='word_1_1' title='bbox 712 502 816 553; x_wconf 85' lang='lat' dir='ltr'>DE</span> <span class='ocrx_word' id='word_1_2' title='bbox 860 502 1097 569; x_wconf 65' lang='lat' dir='ltr'>Luca,</span> <span class='ocrx_word' id='word_1_3' title='bbox 1138 502 1486 570; x_wconf 72' lang='lat' dir='ltr'>cALole,</span> <span class='ocrx_word' id='word_1_4' title='bbox 1528 503 1627 554; x_wconf 82' lang='lat' dir='ltr'>ET</span> <span class='ocrx_word' id='word_1_5' title='bbox 1667 504 2160 556; x_wconf 82' lang='lat' dir='ltr'>COLORIBUs.</span> <span class='ocrx_word' id='word_1_6' title='bbox 2337 486 2476 565; x_wconf 88' lang='grc'>377</span> 
     </span>
    </p>
   </div>
   <div class='ocr_carea' id='block_1_2' title="bbox 409 668 2490 2008">
    <p class='ocr_par' dir='ltr' id='par_1_2' title="bbox 409 668 2490 2008">
     <span class='ocr_line' id='line_1_2' title="bbox 409 668 2479 765; baseline 0.001 -25"><span class='ocrx_word' id='word_1_7' title='bbox 409 680 651 740; x_wconf 90' lang='lat' dir='ltr'>motus</span> <span class='ocrx_word' id='word_1_8' title='bbox 700 668 920 740; x_wconf 90' lang='lat' dir='ltr'>medii</span> <span class='ocrx_word' id='word_1_9' title='bbox 975 681 1456 758; x_wconf 79' lang='lat' dir='ltr'>transversuS‚</span> <span class='ocrx_word' id='word_1_10' title='bbox 1506 671 1631 765; x_wconf 89' lang='lat' dir='ltr'>qui</span> <span class='ocrx_word' id='word_1_11' title='bbox 1692 683 1889 759; x_wconf 86' lang='lat' dir='ltr'>ante,</span> <span class='ocrx_word' id='word_1_12' title='bbox 1944 670 2073 742; x_wconf 88' lang='lat' dir='ltr'>sed</span> <span class='ocrx_word' id='word_1_13' title='bbox 2132 670 2256 742; x_wconf 83' lang='lat' dir='ltr'>lux</span> <span class='ocrx_word' id='word_1_14' title='bbox 2308 671 2479 743; x_wconf 89' lang='lat' dir='ltr'>solis</span> 
     </span>
     <span class='ocr_line' id='line_1_3' title="bbox 410 781 2481 879; baseline 0.002 -27"><span class='ocrx_word' id='word_1_15' title='bbox 410 781 643 853; x_wconf 89' lang='lat' dir='ltr'>multo</span> <span class='ocrx_word' id='word_1_16' title='bbox 698 781 961 854; x_wconf 87' lang='lat' dir='ltr'>fortior</span> <span class='ocrx_word' id='word_1_17' title='bbox 1021 794 1134 854; x_wconf 92' lang='lat' dir='ltr'>est</span> <span class='ocrx_word' id='word_1_18' title='bbox 1188 808 1407 878; x_wconf 91' lang='lat' dir='ltr'>quam</span> <span class='ocrx_word' id='word_1_19' title='bbox 1462 783 1679 855; x_wconf 83' lang='lat' dir='ltr'>lunae.</span> <span class='ocrx_word' id='word_1_20' title='bbox 1787 783 2034 857; x_wconf 78' lang='lat' dir='ltr'>Quare</span> <span class='ocrx_word' id='word_1_21' title='bbox 2094 784 2254 879; x_wconf 92' lang='lat' dir='ltr'>(per</span> <span class='ocrx_word' id='word_1_22' title='bbox 2306 785 2481 856; x_wconf 87' lang='lat' dir='ltr'>arti-</span> 
     </span>
     <span class='ocr_line' id='line_1_4' title="bbox 412 895 2483 993; baseline 0 -24"><span class='ocrx_word' id='word_1_23' title='bbox 412 896 655 969; x_wconf 81' lang='lat' dir='ltr'>culum</span> <span class='ocrx_word' id='word_1_24' title='bbox 708 895 1276 991; x_wconf 87' lang='lat' dir='ltr'>praecedentem)</span> <span class='ocrx_word' id='word_1_25' title='bbox 1338 920 1635 968; x_wconf 87' lang='grc'><strong>11666556</strong></span> <span class='ocrx_word' id='word_1_26' title='bbox 1691 908 1802 968; x_wconf 88' lang='grc'>651</span> <span class='ocrx_word' id='word_1_27' title='bbox 1861 909 1947 968; x_wconf 87' lang='grc'>111</span> <span class='ocrx_word' id='word_1_28' title='bbox 2001 896 2276 969; x_wconf 87' lang='lat' dir='ltr'>candor</span> <span class='ocrx_word' id='word_1_29' title='bbox 2328 899 2483 993; x_wconf 90' lang='lat' dir='ltr'>ejus</span> 
     </span>
     <span class='ocr_line' id='line_1_5' title="bbox 412 1007 2350 1103; baseline 0 -22"><span class='ocrx_word' id='word_1_30' title='bbox 412 1008 941 1103; x_wconf 85' lang='lat' dir='ltr'>aliquantulum</span> <span class='ocrx_word' id='word_1_31' title='bbox 978 1009 1313 1081; x_wconf 89' lang='lat' dir='ltr'>turbatus</span> <span class='ocrx_word' id='word_1_32' title='bbox 1350 1007 1746 1103; x_wconf 83' lang='lat' dir='ltr'><strong>degeneret</strong></span> <span class='ocrx_word' id='word_1_33' title='bbox 1781 1008 1857 1080; x_wconf 90' lang='lat' dir='ltr'>in</span> <span class='ocrx_word' id='word_1_34' title='bbox 1891 1010 2350 1082; x_wconf 89' lang='lat' dir='ltr'>flavedinem.</span> 
     </span>
     <span class='ocr_line' id='line_1_6' title="bbox 514 1121 2486 1217; baseline 0.001 -24"><span class='ocrx_word' id='word_1_35' title='bbox 514 1122 771 1216; x_wconf 81' lang='lat' dir='ltr'>Neque</span> <span class='ocrx_word' id='word_1_36' title='bbox 807 1145 1103 1194; x_wconf 88' lang='grc'><strong>11666556</strong></span> <span class='ocrx_word' id='word_1_37' title='bbox 1142 1134 1254 1193; x_wconf 86' lang='grc'>651</span> <span class='ocrx_word' id='word_1_38' title='bbox 1288 1121 1384 1194; x_wconf 89' lang='lat' dir='ltr'>ad</span> <span class='ocrx_word' id='word_1_39' title='bbox 1417 1121 1971 1217; x_wconf 82' lang='lat' dir='ltr'>generationem</span> <span class='ocrx_word' id='word_1_40' title='bbox 2007 1122 2271 1194; x_wconf 88' lang='lat' dir='ltr'>horum</span> <span class='ocrx_word' id='word_1_41' title='bbox 2307 1148 2486 1217; x_wconf 89' lang='lat' dir='ltr'>qua-</span> 
     </span>
     <span class='ocr_line' id='line_1_7' title="bbox 415 1224 2487 1331; baseline -0 -23"><span class='ocrx_word' id='word_1_42' title='bbox 415 1246 586 1308; x_wconf 85' lang='lat' dir='ltr'>tuor</span> <span class='ocrx_word' id='word_1_43' title='bbox 644 1224 997 1322; x_wconf 85' lang='lat' dir='ltr'>colorum,</span> <span class='ocrx_word' id='word_1_44' title='bbox 1065 1247 1150 1307; x_wconf 89' lang='lat' dir='ltr'>ut</span> <span class='ocrx_word' id='word_1_45' title='bbox 1217 1235 1388 1306; x_wconf 85' lang='lat' dir='ltr'>vitri</span> <span class='ocrx_word' id='word_1_46' title='bbox 1448 1236 1688 1331; x_wconf 89' lang='lat' dir='ltr'>figura</span> <span class='ocrx_word' id='word_1_47' title='bbox 1741 1233 1838 1305; x_wconf 88' lang='lat' dir='ltr'>sit</span> <span class='ocrx_word' id='word_1_48' title='bbox 1892 1234 2188 1329; x_wconf 89' lang='lat' dir='ltr'>prisma.</span> <span class='ocrx_word' id='word_1_49' title='bbox 2294 1235 2487 1307; x_wconf 91' lang='lat' dir='ltr'>Nam</span> 
     </span>
     <span class='ocr_line' id='line_1_8' title="bbox 414 1345 2490 1443; baseline 0 -24"><span class='ocrx_word' id='word_1_50' title='bbox 414 1371 681 1443; x_wconf 84' lang='lat' dir='ltr'>eorpus</span> <span class='ocrx_word' id='word_1_51' title='bbox 704 1347 1142 1443; x_wconf 86' lang='lat' dir='ltr'>sphaerieum</span> <span class='ocrx_word' id='word_1_52' title='bbox 1169 1346 1364 1420; x_wconf 92' lang='lat' dir='ltr'>idem</span> <span class='ocrx_word' id='word_1_53' title='bbox 1394 1346 1636 1435; x_wconf 83' lang='lat' dir='ltr'>efficit,</span> <span class='ocrx_word' id='word_1_54' title='bbox 1661 1370 1827 1418; x_wconf 86' lang='lat' dir='ltr'>cum</span> <span class='ocrx_word' id='word_1_55' title='bbox 1858 1345 2077 1418; x_wconf 88' lang='lat' dir='ltr'>etiam</span> <span class='ocrx_word' id='word_1_56' title='bbox 2099 1347 2178 1419; x_wconf 91' lang='lat' dir='ltr'>in</span> <span class='ocrx_word' id='word_1_57' title='bbox 2204 1347 2490 1442; x_wconf 87' lang='lat' dir='ltr'>sphaera</span> 
     </span>
     <span class='ocr_line' id='line_1_9' title="bbox 414 1458 2485 1555; baseline 0 -23"><span class='ocrx_word' id='word_1_58' title='bbox 414 1460 599 1533; x_wconf 87' lang='lat' dir='ltr'>radii</span> <span class='ocrx_word' id='word_1_59' title='bbox 655 1460 927 1532; x_wconf 88' lang='lat' dir='ltr'>solares</span> <span class='ocrx_word' id='word_1_60' title='bbox 982 1460 1096 1532; x_wconf 86' lang='lat' dir='ltr'>bis</span> <span class='ocrx_word' id='word_1_61' title='bbox 1148 1459 1652 1555; x_wconf 84' lang='lat' dir='ltr'>refringantur</span> <span class='ocrx_word' id='word_1_62' title='bbox 1704 1471 1779 1531; x_wconf 91' lang='lat' dir='ltr'>et</span> <span class='ocrx_word' id='word_1_63' title='bbox 1830 1458 1943 1529; x_wconf 92' lang='lat' dir='ltr'>bis</span> <span class='ocrx_word' id='word_1_64' title='bbox 1986 1459 2485 1532; x_wconf 86' lang='lat' dir='ltr'>reflectantur.</span> 
     </span>
     <span class='ocr_line' id='line_1_10' title="bbox 419 1571 2490 1668; baseline -0.001 -20"><span class='ocrx_word' id='word_1_65' title='bbox 419 1573 636 1648; x_wconf 76' lang='lat' dir='ltr'>Quod</span> <span class='ocrx_word' id='word_1_66' title='bbox 679 1597 848 1645; x_wconf 88' lang='grc'><strong>611111</strong></span> <span class='ocrx_word' id='word_1_67' title='bbox 902 1572 1360 1646; x_wconf 83' lang='lat' dir='ltr'>observasset</span> <span class='ocrx_word' id='word_1_68' title='bbox 1397 1571 1796 1661; x_wconf 80' lang='lat' dir='ltr'>CartesiuS,</span> <span class='ocrx_word' id='word_1_69' title='bbox 1851 1594 2087 1667; x_wconf 91' lang='lat' dir='ltr'>neque</span> <span class='ocrx_word' id='word_1_70' title='bbox 2138 1596 2490 1668; x_wconf 87' lang='lat' dir='ltr'>apparere</span> 
     </span>
     <span class='ocr_line' id='line_1_11' title="bbox 416 1683 2488 1781; baseline -0.001 -22"><span class='ocrx_word' id='word_1_71' title='bbox 416 1687 675 1759; x_wconf 89' lang='lat' dir='ltr'>iridem</span> <span class='ocrx_word' id='word_1_72' title='bbox 695 1685 838 1758; x_wconf 91' lang='lat' dir='ltr'>nisi</span> <span class='ocrx_word' id='word_1_73' title='bbox 858 1698 1038 1758; x_wconf 86' lang='lat' dir='ltr'>tunc</span> <span class='ocrx_word' id='word_1_74' title='bbox 1062 1709 1230 1758; x_wconf 88' lang='lat' dir='ltr'>oum</span> <span class='ocrx_word' id='word_1_75' title='bbox 1252 1696 1426 1757; x_wconf 85' lang='lat' dir='ltr'>actu</span> <span class='ocrx_word' id='word_1_76' title='bbox 1437 1684 1652 1779; x_wconf 85' lang='lat' dir='ltr'>pluit,</span> <span class='ocrx_word' id='word_1_77' title='bbox 1669 1683 1847 1756; x_wconf 88' lang='lat' dir='ltr'>item</span> <span class='ocrx_word' id='word_1_78' title='bbox 1869 1685 2217 1757; x_wconf 83' lang='lat' dir='ltr'>cadentes</span> <span class='ocrx_word' id='word_1_79' title='bbox 2237 1696 2488 1781; x_wconf 89' lang='lat' dir='ltr'>guttu-</span> 
     </span>
     <span class='ocr_line' id='line_1_12' title="bbox 417 1798 2490 1895; baseline 0 -24"><span class='ocrx_word' id='word_1_80' title='bbox 417 1800 525 1872; x_wconf 90' lang='lat' dir='ltr'>las</span> <span class='ocrx_word' id='word_1_81' title='bbox 545 1823 703 1871; x_wconf 86' lang='lat' dir='ltr'>esse</span> <span class='ocrx_word' id='word_1_82' title='bbox 714 1799 868 1871; x_wconf 88' lang='lat' dir='ltr'>fere</span> <span class='ocrx_word' id='word_1_83' title='bbox 892 1799 1309 1895; x_wconf 85' lang='lat' dir='ltr'>sphaericas,</span> <span class='ocrx_word' id='word_1_84' title='bbox 1322 1822 1413 1870; x_wconf 82' lang='lat' dir='ltr'>ex</span> <span class='ocrx_word' id='word_1_85' title='bbox 1435 1821 1522 1870; x_wconf 94' lang='lat' dir='ltr'>eo</span> <span class='ocrx_word' id='word_1_86' title='bbox 1546 1821 1841 1870; x_wconf 87' lang='lat' dir='ltr'>eausam</span> <span class='ocrx_word' id='word_1_87' title='bbox 1865 1798 2192 1870; x_wconf 89' lang='lat' dir='ltr'>colorum</span> <span class='ocrx_word' id='word_1_88' title='bbox 2207 1799 2284 1870; x_wconf 89' lang='lat' dir='ltr'>in</span> <span class='ocrx_word' id='word_1_89' title='bbox 2305 1799 2490 1871; x_wconf 89' lang='lat' dir='ltr'>iride</span> 
     </span>
     <span class='ocr_line' id='line_1_13' title="bbox 419 1911 2390 2008; baseline -0.001 -23"><span class='ocrx_word' id='word_1_90' title='bbox 419 1912 850 2008; x_wconf 82' lang='lat' dir='ltr'>explicavit3</span> <span class='ocrx_word' id='word_1_91' title='bbox 906 1936 1125 2008; x_wconf 90' lang='lat' dir='ltr'>quam</span> <span class='ocrx_word' id='word_1_92' title='bbox 1164 1922 1496 2007; x_wconf 88' lang='lat' dir='ltr'>repetere</span> <span class='ocrx_word' id='word_1_93' title='bbox 1532 1935 1684 1982; x_wconf 91' lang='lat' dir='ltr'>non</span> <span class='ocrx_word' id='word_1_94' title='bbox 1722 1924 1836 1984; x_wconf 92' lang='lat' dir='ltr'>est</span> <span class='ocrx_word' id='word_1_95' title='bbox 1872 1911 2390 1984; x_wconf 86' lang='lat' dir='ltr'>necessarium.</span> 
     </span>
    </p>
   </div>
   <div class='ocr_carea' id='block_1_3' title="bbox 2563 679 2850 795">
    <p class='ocr_par' dir='ltr' id='par_1_3' title="bbox 2563 679 2850 795">
     <span class='ocr_line' id='line_1_14' title="bbox 2563 679 2850 795; baseline -0.003 -67"><span class='ocrx_word' id='word_1_96' title='bbox 2563 681 2735 795; x_wconf 59' lang='grc' dir='ltr'>ΡΑῐὲξ</span> <span class='ocrx_word' id='word_1_97' title='bbox 2763 679 2850 727; x_wconf 80' lang='lat' dir='ltr'>lv.</span> 
     </span>
    </p>
   </div>
   <div class='ocr_carea' id='block_1_4' title="bbox 529 2024 2681 2121">
    <p class='ocr_par' dir='ltr' id='par_1_4' title="bbox 529 2024 2681 2121">
     <span class='ocr_line' id='line_1_15' title="bbox 529 2024 2681 2121; baseline -0.004 -23"><span class='ocrx_word' id='word_1_98' title='bbox 529 2034 638 2098; x_wconf 91' lang='lat'>15.</span> <span class='ocrx_word' id='word_1_99' title='bbox 695 2025 979 2107; x_wconf 89' lang='lat' dir='ltr'>Albedo</span> <span class='ocrx_word' id='word_1_100' title='bbox 1036 2024 1331 2121; x_wconf 91' lang='lat' dir='ltr'>quidem</span> <span class='ocrx_word' id='word_1_101' title='bbox 1376 2024 1500 2097; x_wconf 84' lang='lat' dir='ltr'>lux</span> <span class='ocrx_word' id='word_1_102' title='bbox 1555 2037 1692 2112; x_wconf 86' lang='lat' dir='ltr'>est,</span> <span class='ocrx_word' id='word_1_103' title='bbox 1758 2024 1888 2096; x_wconf 90' lang='lat' dir='ltr'>sed</span> <span class='ocrx_word' id='word_1_104' title='bbox 1943 2049 2033 2096; x_wconf 83' lang='lat' dir='ltr'>ex</span> <span class='ocrx_word' id='word_1_105' title='bbox 2096 2025 2493 2098; x_wconf 91' lang='lat' dir='ltr'>multorum</span> <span class='ocrx_word' id='word_1_106' title='bbox 2524 2047 2681 2093; x_wconf 69' lang='lat' dir='ltr'>eausa</span> 
     </span>
    </p>
   </div>
   <div class='ocr_carea' id='block_1_5' title="bbox 422 2138 2514 4041">
    <p class='ocr_par' dir='ltr' id='par_1_5' title="bbox 422 2138 2514 4041">
     <span class='ocr_line' id='line_1_16' title="bbox 422 2138 2496 2234; baseline -0 -23"><span class='ocrx_word' id='word_1_107' title='bbox 422 2139 637 2212; x_wconf 90' lang='lat' dir='ltr'>simul</span> <span class='ocrx_word' id='word_1_108' title='bbox 690 2138 915 2211; x_wconf 88' lang='lat' dir='ltr'>lucidi</span> <span class='ocrx_word' id='word_1_109' title='bbox 969 2139 1342 2211; x_wconf 77' lang='lat' dir='ltr'>radiorum</span> <span class='ocrx_word' id='word_1_110' title='bbox 1395 2138 1489 2210; x_wconf 89' lang='lat' dir='ltr'>ad</span> <span class='ocrx_word' id='word_1_111' title='bbox 1539 2138 1856 2226; x_wconf 81' lang='lat' dir='ltr'>oculum,</span> <span class='ocrx_word' id='word_1_112' title='bbox 1904 2138 2099 2210; x_wconf 87' lang='lat' dir='ltr'>intra</span> <span class='ocrx_word' id='word_1_113' title='bbox 2153 2139 2496 2234; x_wconf 88' lang='lat' dir='ltr'>exiguum</span> 
     </span>
     <span class='ocr_line' id='line_1_17' title="bbox 422 2251 2496 2348; baseline 0 -24"><span class='ocrx_word' id='word_1_114' title='bbox 422 2252 764 2348; x_wconf 88' lang='lat' dir='ltr'>spatium,</span> <span class='ocrx_word' id='word_1_115' title='bbox 795 2252 1312 2325; x_wconf 88' lang='lat' dir='ltr'>reflexionibus</span> <span class='ocrx_word' id='word_1_116' title='bbox 1349 2252 1812 2325; x_wconf 85' lang='lat' dir='ltr'>conturbata.</span> <span class='ocrx_word' id='word_1_117' title='bbox 1887 2251 2265 2346; x_wconf 88' lang='lat' dir='ltr'>Siquidem</span> <span class='ocrx_word' id='word_1_118' title='bbox 2301 2253 2496 2325; x_wconf 91' lang='lat' dir='ltr'>enim</span> 
     </span>
     <span class='ocr_line' id='line_1_18' title="bbox 424 2362 2497 2460; baseline 0.001 -25"><span class='ocrx_word' id='word_1_119' title='bbox 424 2365 693 2438; x_wconf 88' lang='lat' dir='ltr'>vitrum</span> <span class='ocrx_word' id='word_1_120' title='bbox 731 2364 846 2436; x_wconf 86' lang='lat' dir='ltr'>vel</span> <span class='ocrx_word' id='word_1_121' title='bbox 905 2362 1286 2460; x_wconf 89' lang='lat' dir='ltr'>quodlibet</span> <span class='ocrx_word' id='word_1_122' title='bbox 1345 2362 1793 2458; x_wconf 89' lang='lat' dir='ltr'>diaphanum</span> <span class='ocrx_word' id='word_1_123' title='bbox 1847 2363 1924 2435; x_wconf 91' lang='lat' dir='ltr'>in</span> <span class='ocrx_word' id='word_1_124' title='bbox 1971 2364 2497 2437; x_wconf 89' lang='lat' dir='ltr'>minutissimas</span> 
     </span>
     <span class='ocr_line' id='line_1_19' title="bbox 423 2475 2497 2574; baseline -0 -24"><span class='ocrx_word' id='word_1_125' title='bbox 423 2490 667 2574; x_wconf 75' lang='lat' dir='ltr'>partes</span> <span class='ocrx_word' id='word_1_126' title='bbox 701 2500 833 2573; x_wconf 89' lang='lat' dir='ltr'>per</span> <span class='ocrx_word' id='word_1_127' title='bbox 868 2476 1376 2549; x_wconf 86' lang='lat' dir='ltr'>contusionem</span> <span class='ocrx_word' id='word_1_128' title='bbox 1413 2475 2063 2547; x_wconf 84' lang='lat' dir='ltr'>concussionemve</span> <span class='ocrx_word' id='word_1_129' title='bbox 2098 2475 2497 2574; x_wconf 84' lang='lat' dir='ltr'>redigatur,</span> 
     </span>
     <span class='ocr_line' id='line_1_20' title="bbox 425 2587 2502 2686; baseline 0 -23"><span class='ocrx_word' id='word_1_130' title='bbox 425 2613 882 2686; x_wconf 77' lang='lat' dir='ltr'>unaquaeque</span> <span class='ocrx_word' id='word_1_131' title='bbox 922 2589 1210 2661; x_wconf 88' lang='lat' dir='ltr'>illarum</span> <span class='ocrx_word' id='word_1_132' title='bbox 1243 2587 1589 2684; x_wconf 90' lang='lat' dir='ltr'>partium,</span> <span class='ocrx_word' id='word_1_133' title='bbox 1629 2588 1691 2660; x_wconf 90' lang='lat' dir='ltr'>si</span> <span class='ocrx_word' id='word_1_134' title='bbox 1725 2589 1946 2660; x_wconf 93' lang='lat' dir='ltr'>modo</span> <span class='ocrx_word' id='word_1_135' title='bbox 1983 2588 2228 2663; x_wconf 88' lang='lat' dir='ltr'>radios</span> <span class='ocrx_word' id='word_1_136' title='bbox 2279 2590 2502 2663; x_wconf 86' lang='lat' dir='ltr'>lucidi</span> 
     </span>
     <span class='ocr_line' id='line_1_21' title="bbox 427 2702 2503 2799; baseline 0 -23"><span class='ocrx_word' id='word_1_137' title='bbox 427 2705 519 2777; x_wconf 92' lang='lat' dir='ltr'>ab</span> <span class='ocrx_word' id='word_1_138' title='bbox 560 2728 703 2776; x_wconf 88' lang='lat' dir='ltr'>uno</span> <span class='ocrx_word' id='word_1_139' title='bbox 739 2703 983 2798; x_wconf 89' lang='lat' dir='ltr'>aliquo</span> <span class='ocrx_word' id='word_1_140' title='bbox 1006 2714 1285 2799; x_wconf 85' lang='lat' dir='ltr'>puncto</span> <span class='ocrx_word' id='word_1_141' title='bbox 1316 2702 1412 2775; x_wconf 92' lang='lat' dir='ltr'>ad</span> <span class='ocrx_word' id='word_1_142' title='bbox 1447 2702 1743 2774; x_wconf 85' lang='lat' dir='ltr'>oculum</span> <span class='ocrx_word' id='word_1_143' title='bbox 1778 2703 2133 2791; x_wconf 86' lang='lat' dir='ltr'>reflectat,</span> <span class='ocrx_word' id='word_1_144' title='bbox 2169 2703 2392 2776; x_wconf 86' lang='lat' dir='ltr'>faciet</span> <span class='ocrx_word' id='word_1_145' title='bbox 2427 2703 2503 2777; x_wconf 90' lang='lat' dir='ltr'>in</span> 
     </span>
     <span class='ocr_line' id='line_1_22' title="bbox 426 2814 2503 2912; baseline 0 -22"><span class='ocrx_word' id='word_1_146' title='bbox 426 2817 724 2890; x_wconf 85' lang='lat' dir='ltr'>vidente</span> <span class='ocrx_word' id='word_1_147' title='bbox 761 2817 991 2888; x_wconf 84' lang='lat' dir='ltr'>totius</span> <span class='ocrx_word' id='word_1_148' title='bbox 1040 2815 1263 2888; x_wconf 86' lang='lat' dir='ltr'>lucidi</span> <span class='ocrx_word' id='word_1_149' title='bbox 1298 2815 1538 2888; x_wconf 87' lang='lat' dir='ltr'>ideam</span> <span class='ocrx_word' id='word_1_150' title='bbox 1575 2815 1728 2888; x_wconf 89' lang='lat' dir='ltr'>sive</span> <span class='ocrx_word' id='word_1_151' title='bbox 1765 2814 2185 2912; x_wconf 86' lang='lat' dir='ltr'>imaginem,</span> <span class='ocrx_word' id='word_1_152' title='bbox 2239 2817 2316 2889; x_wconf 92' lang='lat' dir='ltr'>id</span> <span class='ocrx_word' id='word_1_153' title='bbox 2368 2832 2503 2906; x_wconf 84' lang='lat' dir='ltr'>est,</span> 
     </span>
     <span class='ocr_line' id='line_1_23' title="bbox 429 2929 2508 3027; baseline 0 -25"><span class='ocrx_word' id='word_1_154' title='bbox 429 2931 867 3027; x_wconf 89' lang='lat' dir='ltr'>phantasma</span> <span class='ocrx_word' id='word_1_155' title='bbox 899 2930 1043 3002; x_wconf 82' lang='lat' dir='ltr'>albi</span> <span class='ocrx_word' id='word_1_156' title='bbox 1079 2961 1097 3013; x_wconf 92' lang='lat'>;</span> <span class='ocrx_word' id='word_1_157' title='bbox 1151 2954 1321 3001; x_wconf 90' lang='grc'><strong>113111</strong></span> <span class='ocrx_word' id='word_1_158' title='bbox 1376 2929 1502 3001; x_wconf 87' lang='lat' dir='ltr'>lux</span> <span class='ocrx_word' id='word_1_159' title='bbox 1535 2929 1940 3002; x_wconf 86' lang='lat' dir='ltr'>fortissima</span> <span class='ocrx_word' id='word_1_160' title='bbox 1984 2932 2205 3002; x_wconf 91' lang='lat' dir='ltr'>etiam</span> <span class='ocrx_word' id='word_1_161' title='bbox 2257 2931 2508 3004; x_wconf 85' lang='lat' dir='ltr'>candi-</span> 
     </span>
     <span class='ocr_line' id='line_1_24' title="bbox 432 3043 2506 3139; baseline 0 -23"><span class='ocrx_word' id='word_1_162' title='bbox 432 3043 730 3117; x_wconf 88' lang='lat' dir='ltr'>dissima</span> <span class='ocrx_word' id='word_1_163' title='bbox 779 3055 912 3115; x_wconf 90' lang='lat' dir='ltr'>est.</span> <span class='ocrx_word' id='word_1_164' title='bbox 1019 3043 1278 3139; x_wconf 88' lang='lat' dir='ltr'>Itaque</span> <span class='ocrx_word' id='word_1_165' title='bbox 1313 3056 1389 3114; x_wconf 90' lang='lat' dir='ltr'>et</span> <span class='ocrx_word' id='word_1_166' title='bbox 1428 3043 1678 3115; x_wconf 87' lang='lat' dir='ltr'>multae</span> <span class='ocrx_word' id='word_1_167' title='bbox 1713 3043 1898 3115; x_wconf 79' lang='lat' dir='ltr'>tales</span> <span class='ocrx_word' id='word_1_168' title='bbox 1943 3056 2188 3139; x_wconf 89' lang='lat' dir='ltr'>partes</span> <span class='ocrx_word' id='word_1_169' title='bbox 2239 3044 2506 3117; x_wconf 90' lang='lat' dir='ltr'>multas</span> 
     </span>
     <span class='ocr_line' id='line_1_25' title="bbox 433 3155 2508 3253; baseline 0.001 -25"><span class='ocrx_word' id='word_1_170' title='bbox 433 3156 789 3252; x_wconf 88' lang='lat' dir='ltr'>imagines</span> <span class='ocrx_word' id='word_1_171' title='bbox 827 3155 1155 3252; x_wconf 89' lang='lat' dir='ltr'>ejusdem</span> <span class='ocrx_word' id='word_1_172' title='bbox 1189 3155 1487 3229; x_wconf 85' lang='lat' dir='ltr'>facient.</span> <span class='ocrx_word' id='word_1_173' title='bbox 1578 3156 1826 3230; x_wconf 78' lang='lat' dir='ltr'>Quare</span> <span class='ocrx_word' id='word_1_174' title='bbox 1862 3158 1922 3229; x_wconf 92' lang='lat' dir='ltr'>si</span> <span class='ocrx_word' id='word_1_175' title='bbox 1951 3158 2227 3230; x_wconf 83' lang='lat' dir='ltr'>eaedem</span> <span class='ocrx_word' id='word_1_176' title='bbox 2261 3169 2508 3253; x_wconf 89' lang='lat' dir='ltr'>partes</span> 
     </span>
     <span class='ocr_line' id='line_1_26' title="bbox 434 3269 2510 3367; baseline 0 -25"><span class='ocrx_word' id='word_1_177' title='bbox 434 3269 993 3343; x_wconf 62' lang='lat' dir='ltr'>confertissimae</span> <span class='ocrx_word' id='word_1_178' title='bbox 1021 3269 1191 3355; x_wconf 91' lang='lat' dir='ltr'>sint,</span> <span class='ocrx_word' id='word_1_179' title='bbox 1216 3269 1465 3341; x_wconf 85' lang='lat' dir='ltr'>multae</span> <span class='ocrx_word' id='word_1_180' title='bbox 1496 3269 1639 3341; x_wconf 89' lang='lat' dir='ltr'>illae</span> <span class='ocrx_word' id='word_1_181' title='bbox 1675 3269 2029 3364; x_wconf 87' lang='lat' dir='ltr'>imagines</span> <span class='ocrx_word' id='word_1_182' title='bbox 2050 3272 2510 3367; x_wconf 89' lang='lat' dir='ltr'>apparebunt</span> 
     </span>
     <span class='ocr_line' id='line_1_27' title="bbox 437 3382 2507 3478; baseline 0 -22"><span class='ocrx_word' id='word_1_183' title='bbox 437 3383 786 3472; x_wconf 80' lang='lat' dir='ltr'>eonfusae,</span> <span class='ocrx_word' id='word_1_184' title='bbox 821 3406 1197 3478; x_wconf 91' lang='lat' dir='ltr'>unumque</span> <span class='ocrx_word' id='word_1_185' title='bbox 1250 3405 1294 3453; x_wconf 87' lang='lat' dir='ltr'>a</span> <span class='ocrx_word' id='word_1_186' title='bbox 1339 3382 1649 3454; x_wconf 83' lang='lat' dir='ltr'>confusa</span> <span class='ocrx_word' id='word_1_187' title='bbox 1683 3383 1846 3456; x_wconf 85' lang='lat' dir='ltr'>luce</span> <span class='ocrx_word' id='word_1_188' title='bbox 1883 3385 2333 3457; x_wconf 87' lang='lat' dir='ltr'>exhibebunt</span> <span class='ocrx_word' id='word_1_189' title='bbox 2384 3409 2507 3457; x_wconf 86' lang='lat' dir='ltr'>co-</span> 
     </span>
     <span class='ocr_line' id='line_1_28' title="bbox 434 3494 2510 3592; baseline 0 -23"><span class='ocrx_word' id='word_1_190' title='bbox 434 3497 666 3569; x_wconf 91' lang='lat' dir='ltr'>lorem</span> <span class='ocrx_word' id='word_1_191' title='bbox 701 3497 969 3568; x_wconf 87' lang='lat' dir='ltr'>album.</span> <span class='ocrx_word' id='word_1_192' title='bbox 1078 3494 1275 3567; x_wconf 86' lang='lat' dir='ltr'>Hinc</span> <span class='ocrx_word' id='word_1_193' title='bbox 1311 3518 1487 3590; x_wconf 90' lang='lat' dir='ltr'>ergo</span> <span class='ocrx_word' id='word_1_194' title='bbox 1525 3494 1689 3567; x_wconf 86' lang='lat' dir='ltr'>elici</span> <span class='ocrx_word' id='word_1_195' title='bbox 1725 3520 1947 3569; x_wconf 82' lang='lat' dir='ltr'>causa</span> <span class='ocrx_word' id='word_1_196' title='bbox 1978 3508 2227 3592; x_wconf 90' lang='lat' dir='ltr'>potest</span> <span class='ocrx_word' id='word_1_197' title='bbox 2276 3498 2510 3592; x_wconf 89' lang='lat' dir='ltr'>possi-</span> 
     </span>
     <span class='ocr_line' id='line_1_29' title="bbox 433 3607 2510 3704; baseline 0 -22"><span class='ocrx_word' id='word_1_198' title='bbox 433 3609 623 3697; x_wconf 89' lang='lat' dir='ltr'>bilis,</span> <span class='ocrx_word' id='word_1_199' title='bbox 661 3633 884 3704; x_wconf 86' lang='lat' dir='ltr'>quare</span> <span class='ocrx_word' id='word_1_200' title='bbox 918 3608 1189 3680; x_wconf 89' lang='lat' dir='ltr'>vitrum</span> <span class='ocrx_word' id='word_1_201' title='bbox 1226 3619 1640 3693; x_wconf 88' lang='lat' dir='ltr'>contusum,</span> <span class='ocrx_word' id='word_1_202' title='bbox 1695 3607 1773 3680; x_wconf 92' lang='lat' dir='ltr'>id</span> <span class='ocrx_word' id='word_1_203' title='bbox 1808 3621 1942 3698; x_wconf 83' lang='lat' dir='ltr'>est,</span> <span class='ocrx_word' id='word_1_204' title='bbox 1999 3610 2382 3683; x_wconf 89' lang='lat' dir='ltr'>redactum</span> <span class='ocrx_word' id='word_1_205' title='bbox 2432 3612 2510 3683; x_wconf 92' lang='lat' dir='ltr'>in</span> 
     </span>
     <span class='ocr_line' id='line_1_30' title="bbox 435 3719 2514 3820; baseline 0 -26"><span class='ocrx_word' id='word_1_206' title='bbox 435 3722 835 3818; x_wconf 84' lang='lat' dir='ltr'>pulverem,</span> <span class='ocrx_word' id='word_1_207' title='bbox 872 3721 1193 3794; x_wconf 81' lang='lat' dir='ltr'>colorem</span> <span class='ocrx_word' id='word_1_208' title='bbox 1221 3720 1468 3793; x_wconf 89' lang='lat' dir='ltr'>album</span> <span class='ocrx_word' id='word_1_209' title='bbox 1503 3719 1768 3792; x_wconf 88' lang='lat' dir='ltr'>induit.</span> <span class='ocrx_word' id='word_1_210' title='bbox 1840 3721 2029 3794; x_wconf 88' lang='lat' dir='ltr'>Item</span> <span class='ocrx_word' id='word_1_211' title='bbox 2065 3746 2288 3817; x_wconf 84' lang='lat' dir='ltr'>quare</span> <span class='ocrx_word' id='word_1_212' title='bbox 2322 3748 2514 3820; x_wconf 89' lang='lat' dir='ltr'>aqua</span> 
     </span>
     <span class='ocr_line' id='line_1_31' title="bbox 438 3832 2512 3931; baseline 0.001 -25"><span class='ocrx_word' id='word_1_213' title='bbox 438 3847 515 3907; x_wconf 90' lang='lat' dir='ltr'>et</span> <span class='ocrx_word' id='word_1_214' title='bbox 547 3835 675 3907; x_wconf 87' lang='lat' dir='ltr'>nix</span> <span class='ocrx_word' id='word_1_215' title='bbox 722 3834 908 3907; x_wconf 87' lang='lat' dir='ltr'>albae</span> <span class='ocrx_word' id='word_1_216' title='bbox 963 3844 1136 3905; x_wconf 89' lang='lat' dir='ltr'>sunt</span> <span class='ocrx_word' id='word_1_217' title='bbox 1168 3863 1185 3916; x_wconf 90' lang='lat'>;</span> <span class='ocrx_word' id='word_1_218' title='bbox 1241 3847 1416 3905; x_wconf 89' lang='lat' dir='ltr'>sunt</span> <span class='ocrx_word' id='word_1_219' title='bbox 1451 3832 1647 3905; x_wconf 91' lang='lat' dir='ltr'>enim</span> <span class='ocrx_word' id='word_1_220' title='bbox 1684 3857 2076 3929; x_wconf 86' lang='lat' dir='ltr'>corporum</span> <span class='ocrx_word' id='word_1_221' title='bbox 2111 3835 2512 3931; x_wconf 88' lang='lat' dir='ltr'>diaphano-</span> 
     </span>
     <span class='ocr_line' id='line_1_32' title="bbox 437 3945 2511 4041; baseline 0.001 -21"><span class='ocrx_word' id='word_1_222' title='bbox 437 3972 602 4020; x_wconf 91' lang='lat' dir='ltr'>rum</span> <span class='ocrx_word' id='word_1_223' title='bbox 650 3946 1306 4019; x_wconf 90' lang='lat' dir='ltr'>minutissimorum</span> <span class='ocrx_word' id='word_1_224' title='bbox 1343 3945 1747 4041; x_wconf 83' lang='lat' dir='ltr'>congeries,</span> <span class='ocrx_word' id='word_1_225' title='bbox 1799 3946 2143 4019; x_wconf 90' lang='lat' dir='ltr'>nimirum</span> <span class='ocrx_word' id='word_1_226' title='bbox 2191 3948 2511 4040; x_wconf 86' lang='lat' dir='ltr'>bullulae,</span> 
     </span>
    </p>
   </div>
   <div class='ocr_carea' id='block_1_6' title="bbox 2522 2111 2768 2158">
    <p class='ocr_par' dir='ltr' id='par_1_6' title="bbox 2522 2111 2768 2158">
     <span class='ocr_line' id='line_1_33' title="bbox 2522 2111 2768 2158; baseline 0 0"><span class='ocrx_word' id='word_1_227' title='bbox 2522 2111 2768 2158; x_wconf 80' lang='lat' dir='ltr'>albedinis.</span> 
     </span>
    </p>
   </div>
   <div class='ocr_carea' id='block_1_7' title="bbox 440 4047 2626 4157">
    <p class='ocr_par' dir='ltr' id='par_1_7' title="bbox 440 4047 2626 4157">
     <span class='ocr_line' id='line_1_34' title="bbox 440 4047 2626 4157; baseline -0.001 -22"><span class='ocrx_word' id='word_1_228' title='bbox 440 4086 537 4135; x_wconf 76' lang='lat' dir='ltr'>ex</span> <span class='ocrx_word' id='word_1_229' title='bbox 568 4085 878 4157; x_wconf 87' lang='lat' dir='ltr'>quarum</span> <span class='ocrx_word' id='word_1_230' title='bbox 911 4059 1363 4155; x_wconf 87' lang='lat' dir='ltr'>singularum</span> <span class='ocrx_word' id='word_1_231' title='bbox 1400 4058 1922 4154; x_wconf 86' lang='lat' dir='ltr'>superficiebus</span> <span class='ocrx_word' id='word_1_232' title='bbox 1969 4061 2313 4134; x_wconf 85' lang='lat' dir='ltr'>convexis</span> <span class='ocrx_word' id='word_1_233' title='bbox 2365 4062 2513 4135; x_wconf 89' lang='grc'><strong>5111-</strong></span> <span class='ocrx_word' id='word_1_234' title='bbox 2623 4047 2626 4050; x_wconf 49' lang='grc'><strong>’</strong></span> 
     </span>
    </p>
   </div>
   <div class='ocr_carea' id='block_1_8' title="bbox 438 4171 2522 4270">
    <p class='ocr_par' dir='ltr' id='par_1_8' title="bbox 438 4171 2522 4270">
     <span class='ocr_line' id='line_1_35' title="bbox 438 4171 2522 4270; baseline 0.001 -23"><span class='ocrx_word' id='word_1_235' title='bbox 438 4174 614 4270; x_wconf 89' lang='lat' dir='ltr'>gula</span> <span class='ocrx_word' id='word_1_236' title='bbox 669 4197 803 4269; x_wconf 89' lang='lat' dir='ltr'>per</span> <span class='ocrx_word' id='word_1_237' title='bbox 851 4171 1322 4244; x_wconf 86' lang='lat' dir='ltr'>reflexionem</span> <span class='ocrx_word' id='word_1_238' title='bbox 1357 4171 1549 4243; x_wconf 90' lang='lat' dir='ltr'>fiunt</span> <span class='ocrx_word' id='word_1_239' title='bbox 1603 4171 1828 4244; x_wconf 86' lang='lat' dir='ltr'>lucidi</span> <span class='ocrx_word' id='word_1_240' title='bbox 1883 4173 2111 4246; x_wconf 90' lang='lat' dir='ltr'>totius</span> <span class='ocrx_word' id='word_1_241' title='bbox 2161 4176 2522 4270; x_wconf 52' lang='lat' dir='ltr'>phantasa</span> 
     </span>
    </p>
   </div>
   <div class='ocr_carea' id='block_1_9' title="bbox 441 4283 2512 4476">
    <p class='ocr_par' dir='ltr' id='par_1_9' title="bbox 441 4283 2512 4476">
     <span class='ocr_line' id='line_1_36' title="bbox 441 4283 2511 4382; baseline 0.002 -23"><span class='ocrx_word' id='word_1_242' title='bbox 441 4298 640 4360; x_wconf 90' lang='lat' dir='ltr'>mata</span> <span class='ocrx_word' id='word_1_243' title='bbox 702 4285 1029 4373; x_wconf 81' lang='lat' dir='ltr'>confusa,</span> <span class='ocrx_word' id='word_1_244' title='bbox 1094 4283 1172 4355; x_wconf 91' lang='lat' dir='ltr'>id</span> <span class='ocrx_word' id='word_1_245' title='bbox 1240 4295 1375 4373; x_wconf 86' lang='lat' dir='ltr'>est,</span> <span class='ocrx_word' id='word_1_246' title='bbox 1445 4284 1730 4357; x_wconf 89' lang='lat' dir='ltr'>albedo.</span> <span class='ocrx_word' id='word_1_247' title='bbox 1836 4285 2144 4382; x_wconf 88' lang='lat' dir='ltr'>Propter</span> <span class='ocrx_word' id='word_1_248' title='bbox 2203 4290 2511 4363; x_wconf 89' lang='lat' dir='ltr'>eandem</span> 
     </span>
     <span class='ocr_line' id='line_1_37' title="bbox 443 4397 2512 4476; baseline 0.002 -4"><span class='ocrx_word' id='word_1_249' title='bbox 443 4424 739 4472; x_wconf 86' lang='lat' dir='ltr'>causam</span> <span class='ocrx_word' id='word_1_250' title='bbox 775 4398 882 4471; x_wconf 88' lang='lat' dir='ltr'>sal</span> <span class='ocrx_word' id='word_1_251' title='bbox 917 4411 993 4470; x_wconf 90' lang='lat' dir='ltr'>et</span> <span class='ocrx_word' id='word_1_252' title='bbox 1036 4397 1313 4469; x_wconf 91' lang='lat' dir='ltr'>nitrum</span> <span class='ocrx_word' id='word_1_253' title='bbox 1353 4397 1520 4469; x_wconf 89' lang='lat' dir='ltr'>alba</span> <span class='ocrx_word' id='word_1_254' title='bbox 1554 4410 1750 4470; x_wconf 90' lang='lat' dir='ltr'>sunt.</span> <span class='ocrx_word' id='word_1_255' title='bbox 1855 4398 2281 4475; x_wconf 82' lang='lat' dir='ltr'>Consistunt</span> <span class='ocrx_word' id='word_1_256' title='bbox 2317 4404 2512 4476; x_wconf 89' lang='lat' dir='ltr'>enim</span> 
     </span>
    </p>
   </div>
  </div>
 </body>
</html>
