3182 5102
458 601 620 649 PARS
648 601 740 648 111.

572 667 649 713 24.

467 736 746 771 κ--γ-κ

387 3422 600 3470 Conatus
615 3419 674 3466 ab

386 3501 481 3534 uno
498 3491 678 3548 puncto

386 3565 577 3613 quaqua
599 3564 702 3596 ver-

387 3631 494 3663 sum
516 3614 732 3676 refringi-

385 3687 465 3727 tur
483 3680 547 3726 ita
561 3687 617 3727 ut
627 3679 759 3726 sinus

385 3743 550 3806 anguli
573 3744 760 3792 refracti

383 3809 449 3857 sit
469 3809 526 3856 ad
547 3809 707 3856 sinum

386 3873 551 3935 anguli
574 3873 710 3920 incli-

382 3938 587 3987 nationis
603 3948 656 3985 ut
669 3938 776 3986 den-

382 4002 498 4051 sitas
518 4003 662 4051 medii
681 4004 774 4065 pri-

384 4067 452 4115 mi
474 4068 534 4115 ad
557 4067 757 4115 densita-

388 4139 486 4179 tem
508 4132 652 4180 medii
674 4148 744 4179 se·

390 4197 534 4247 eundi
555 4212 737 4259 recipi-o

390 4277 445 4310 ce
475 4271 732 4325 sumptam.

794 409 937 477 308
1286 424 1393 474 nn
1427 423 1937 476 RA'rromnth
1968 424 2363 479 MOTUUM.

796 592 1069 664 feretur
1093 590 1306 663 altius
1340 591 1628 680 alicubi,
1661 604 1744 664 ut
1772 610 1903 688 per
1928 591 2059 665 BF
2082 593 2475 666 facientem
2507 588 2874 685 angulum

804 705 875 777 H
899 706 959 777 Β
982 706 1038 776 F
1071 705 1337 801 angulo
1374 706 1446 777 H
1479 706 1539 778 Β
1567 706 1627 779 C
1660 709 2034 803 majorem.

902 818 1096 890 Hinc
1147 841 1320 913 ergo
1377 819 1694 914 petenda
1750 820 2041 893 videtur
2106 844 2259 892 esse
2327 842 2567 906 causa,
2637 839 2877 913 quare

802 953 1111 1026 corpora
1139 930 1216 1002 in
1266 955 1531 1026 magna
1587 931 2014 1027 obliquitate
2068 934 2415 1029 projecta,
2451 932 2511 1004 si
2547 930 2668 1003 vel
2702 930 2875 1002 lati-

801 1044 1050 1117 uscula
1080 1045 1227 1115 sint
1257 1044 1372 1116 vel
1405 1045 1477 1117 vi
1524 1047 1853 1142 projecta
1883 1046 2091 1119 valde
2141 1070 2429 1142 magna,
2462 1043 2877 1117 incidentia

801 1158 878 1229 in
911 1181 1196 1252 aquam,
1232 1157 1324 1229 ab
1358 1182 1548 1253 aqua
1580 1159 1655 1231 in
1691 1183 1930 1231 aerem
1964 1183 2253 1231 rursum
2287 1158 2740 1254 rejiciuntur.

901 1270 1094 1342 Nam
1126 1269 1186 1341 si
1250 1269 1356 1363 (in
1410 1271 1531 1365 fig.
1569 1271 1649 1363 2)
1709 1295 1916 1366 aquae
1969 1272 2384 1368 superficies
2443 1271 2540 1342 sit
2573 1270 2640 1342 A
2663 1270 2751 1359 Β,
2785 1270 2873 1341 in

801 1407 1014 1479 quam
1049 1407 1094 1454 a
1149 1393 1424 1478 puncto
1477 1382 1536 1455 C
1583 1406 1715 1479 per
1780 1395 2057 1456 rectam
2124 1384 2185 1457 C
2205 1384 2272 1456 A
2333 1383 2426 1456 sit
2490 1383 2876 1478 projectus

797 1497 1004 1593 lapis,
1071 1495 1341 1569 faciens
1418 1518 1585 1569 cum
1642 1497 1702 1568 Β
1723 1497 1790 1569 A
1847 1497 2207 1593 producta
2272 1495 2620 1592 angulum
2686 1496 2875 1568 satis

796 1610 1160 1683 minutum
1188 1610 1247 1682 C
1268 1612 1331 1681 A
1354 1610 1464 1693 D;
1518 1609 1877 1706 ductaque
1931 1611 2025 1683 sit
2061 1612 2120 1684 C
2140 1612 2206 1684 D
2246 1608 2875 1706 perpendicularis

799 1723 893 1796 ad
928 1723 988 1795 Β
1011 1724 1077 1795 Α
1127 1723 1559 1818 productam
1617 1725 2030 1819 ubicunque
2083 1724 2158 1796 in
2219 1723 2311 1812 D,
2371 1723 2650 1818 ipsique
2714 1721 2779 1793 C
2800 1721 2872 1793 D

796 1836 1137 1932 parallela
1196 1836 1263 1908 A
1283 1837 1367 1908 E.
1470 1835 1890 1908 Movebitur
1954 1860 2128 1932 ergo
2194 1836 2376 1932 lapis
2426 1859 2559 1932 per
2620 1833 2679 1906 C
2706 1836 2774 1905 A
2823 1858 2873 1906 a

799 1973 1157 2022 concursu
1191 1948 1501 2021 duorum
1559 1961 1894 2021 motuum
1949 1973 2082 2045 per
2116 1949 2183 2021 D
2205 1949 2294 2038 A,
2332 1950 2391 2022 C
2417 1948 2507 2037 D,
2551 1971 2871 2043 quorum

798 2073 1015 2135 erunt
1045 2061 1464 2135 velocitates
1487 2073 1574 2134 ut
1605 2061 1782 2157 ipsae
1815 2072 2038 2135 rectae
2073 2061 2138 2133 D
2166 2061 2257 2151 A,
2295 2061 2354 2134 C
2374 2062 2463 2134 D.
2564 2059 2634 2131 A
2657 2072 2871 2132 motu

797 2185 1045 2247 autem
1089 2199 1221 2271 per
1255 2175 1314 2247 C
1334 2174 1401 2246 D
1437 2187 1514 2246 et
1574 2198 1825 2247 omnes
1879 2175 2032 2270 ejus
2089 2174 2465 2269 parallelas
2517 2183 2691 2268 post
2733 2173 2873 2244 im-

797 2299 1096 2383 pactum
1151 2288 1227 2359 in
1286 2288 1375 2375 A,
1445 2288 1708 2360 existet
1766 2286 2041 2359 reactio
2109 2309 2417 2374 sursum,
2470 2297 2873 2381 propterea

800 2401 998 2495 quod
1049 2425 1235 2496 aqua
1289 2424 1364 2473 se
1418 2400 1764 2473 restituit.
1863 2400 1907 2472 J
1911 2422 2028 2472 am
2086 2399 2146 2471 si
2193 2396 2584 2493 obliquitas
2622 2400 2870 2493 jactus

801 2514 973 2587 satis
1007 2538 1271 2610 magna
1303 2513 1420 2603 sit,
1461 2513 1540 2586 id
1572 2524 1707 2602 est,
1741 2512 1804 2585 si
1854 2524 2059 2585 recta
2091 2510 2152 2584 C
2173 2511 2238 2584 D
2274 2511 2450 2584 satis
2480 2533 2713 2607 parva
2744 2512 2866 2601 sit,

800 2628 878 2700 id
912 2639 1045 2716 est,
1080 2627 1142 2699 si
1182 2637 1509 2715 conatuS‚
1553 2651 1697 2722 quo
1732 2625 1973 2699 tendit
2003 2625 2186 2722 lapis
2220 2625 2587 2713 deorsum,
2622 2626 2870 2698 minor

802 2742 897 2813 sit
949 2764 1165 2835 quam
1214 2763 1358 2835 quo
1413 2762 1602 2834 aqua
1652 2739 1910 2834 reagit‚
1964 2739 2043 2811 id
2075 2749 2210 2828 est,
2273 2762 2493 2835 quam
2546 2762 2769 2833 quem
2824 2763 2871 2812 a

799 2853 1097 2949 propria
1126 2853 1350 2925 habet
1381 2852 1764 2948 gravitate,
1807 2851 2010 2946 (nam
2057 2853 2216 2925 fieri
2255 2851 2332 2924 id
2363 2855 2637 2948 potest)
2679 2853 2866 2949 lapis

799 2976 1154 3060 resurget,
1206 2975 1508 3061 propter
1560 2988 1934 3037 excessum
2001 2976 2307 3038 conatus
2360 2989 2573 3060 aquae
2626 2990 2706 3039 se
2751 2991 2868 3040 re-

799 3077 1166 3151 stituentis
1224 3101 1442 3173 supra
1506 3090 1850 3151 conatum
1914 3078 2174 3174 lapidis
2240 3079 2601 3167 deorsum,
2670 3081 2868 3153 ultra

800 3191 1250 3287 superficiem
1286 3192 1448 3280 AB,
1485 3203 1561 3263 et
1585 3191 1862 3263 feretur
1881 3191 2098 3264 altius
2123 3193 2416 3281 reflexa,
2437 3216 2571 3288 per
2596 3193 2865 3266 lineam

802 3305 1017 3377 aliam
1050 3303 1517 3398 superiorem,
1554 3303 1785 3400 qualis
1819 3313 1928 3376 est
1961 3304 2031 3376 A
2050 3303 2134 3377 G.

897 3425 968 3489 4.
1024 3417 1103 3490 Si
1168 3416 1245 3488 in
1311 3416 1551 3490 medio
1627 3416 1953 3512 quolibet
2018 3431 2468 3513 supponatur
2534 3420 2630 3492 ab
2713 3442 2862 3491 uno

798 3530 1037 3625 aliquo
1102 3540 1377 3626 puncto
1449 3541 1790 3602 conatum
1858 3529 1932 3602 in
2001 3554 2253 3604 omnes
2320 3530 2533 3603 simul
2616 3543 2863 3627 partes

802 3665 1092 3738 quaqua
1143 3665 1427 3714 versum
1478 3643 1908 3738 propagari3
1963 3644 2520 3740 oppositumque
2569 3645 2861 3743 oblique

800 3756 867 3829 ei
933 3755 1228 3828 conatui
1294 3754 1390 3826 sit
1460 3755 1780 3827 medium
1845 3765 2126 3828 naturae
2193 3755 2519 3846 diversae,
2586 3757 2666 3830 id
2726 3770 2859 3847 est,

797 3869 1031 3942 rarius
1064 3867 1179 3940 vel
1215 3867 1506 3939 densius
1535 3898 1555 3951 ;
1607 3867 1712 3939 ita
1761 3866 2202 3962 refringetur
2249 3882 2554 3941 conatus
2598 3869 2745 3958 ille,
2778 3881 2866 3943 ut

800 3983 997 4054 sinus
1049 3980 1295 4075 anguli
1345 3979 1643 4053 refracti
1677 3980 1770 4052 sit
1826 3978 1921 4052 ad
1970 3981 2207 4052 sinum
2259 3982 2507 4077 anguli
2563 3982 2867 4055 inclina-

798 4094 1040 4183 tioniS‚
1074 4104 1158 4165 ut
1217 4092 1531 4166 densitas
1587 4093 1804 4189 primi
1855 4093 2075 4166 medii
2132 4093 2224 4166 ad
2272 4093 2705 4169 densitatem
2758 4120 2867 4169 se-

741 4226 756 4236 ·
806 4207 1026 4279 cundi
1060 4206 1428 4303 reciproce
1456 4218 1841 4302 sumptam.

906 4319 992 4390 In
1023 4320 1148 4415 fig.
1185 4327 1229 4391 3
1283 4320 1398 4408 sit,
1457 4318 1718 4415 primo,
1774 4342 2033 4414 corpus
2086 4318 2382 4414 aliquod
2424 4319 2502 4392 in
2537 4320 2602 4392 A
2639 4322 2863 4394 medii
