3182 5102
678 446 771 524 74
1149 465 1680 517 coMPUTA'rlo
1723 466 1911 516 swa
1953 466 2276 518 LOGICA.

348 641 522 691 PARS
559 641 601 689 1·
690 654 842 703 non
875 631 1176 721 faciant,
1206 648 1291 707 ut
1325 635 1441 707 hae
1464 657 1684 707 voces
1718 633 1915 706 linea
1941 646 2147 706 recta
2175 634 2509 706 continet
2535 655 2769 729 genus

364 708 612 811 »Εἰ-κ
692 756 769 817 et
803 745 1316 838 differentiam,
1353 772 1505 821 non
1541 760 1792 820 tamen
1827 758 1942 819 est
1977 746 2335 836 definitio,
2379 746 2522 818 nisi
2556 759 2770 842 pute-

689 882 853 930 mus
915 859 1184 933 lineam
1252 876 1534 934 rectam
1595 861 1703 933 ita
1760 860 2075 950 definiri,
2135 860 2330 932 linea
2390 878 2597 933 recta
2658 873 2770 932 est

687 971 884 1044 linea
932 986 1182 1055 recta;
1239 986 1571 1047 attamen
1624 976 1685 1048 si
1737 986 1933 1047 esset
1981 999 2132 1047 una
2181 974 2427 1069 aliqua
2471 997 2617 1046 vox
2675 973 2769 1044 ab

689 1085 1044 1157 ambabus
1085 1086 1228 1159 illis
1285 1088 1574 1160 diversa
1615 1111 1780 1184 quae
1813 1087 2012 1160 idem
2067 1087 2517 1182 significaret
2572 1087 2771 1181 quod

689 1196 832 1268 illae
886 1199 1144 1288 ambae,
1220 1212 1401 1273 tunc
1451 1201 1670 1297 hujus
1742 1201 1959 1273 unius
2011 1201 2238 1289 vociS,
2313 1211 2560 1272 essent
2626 1199 2769 1270 illae

691 1309 854 1383 duae
886 1336 1106 1386 voces
1156 1313 1512 1387 definitio.
1616 1315 1728 1387 Ex
1777 1315 1865 1387 iis
1918 1339 2084 1409 quae
2137 1313 2337 1386 dicta
2382 1325 2555 1385 sunt
2590 1312 2768 1384 defi-

691 1424 876 1498 nitio
913 1425 1072 1521 ipsa
1106 1427 1475 1522 quomodo
1530 1427 1950 1500 definienda
1983 1427 2080 1500 sit
2133 1425 2448 1522 intelligi
2495 1437 2766 1521 potest,

689 1562 953 1633 nempe
1021 1540 1226 1635 quod
1286 1541 1390 1612 sit
1446 1540 1912 1638 propo-sitim
1991 1540 2202 1633 cuju-5·
2263 1538 2765 1635 praedicatum

689 1660 806 1723 est
859 1650 1175 1746 subjecti
1225 1651 1730 1742 resolutivam,
1766 1652 1893 1724 ubi
1915 1651 2110 1745 fieri
2140 1659 2426 1749 potest,
2464 1649 2589 1721 ubi
2622 1676 2767 1722 non

676 1773 964 1861 potest,
998 1763 1664 1861 exemplicativum.

327 1889 638 1965 Defin3110ni⁸
798 1887 908 1951 15.
964 1877 1462 1973 Proprietates
1499 1877 1952 1950 definitionis
1988 1889 2207 1949 sunt:

327 1962 645 2019 pmpneme'
792 2013 847 2063 Ι.
905 1990 1128 2064 Quod
1206 1991 1403 2063 tollit
1485 1991 1969 2087 aequivocum,
2056 1990 2388 2084 adeoque
2475 2013 2767 2061 omnem

690 2104 888 2177 illam
931 2103 1492 2176 distinctionum
1540 2104 2093 2176 multitudinem
2143 2101 2406 2198 quibus
2452 2112 2768 2174 utuntur

687 2217 741 2289 ii
776 2216 903 2312 qui
936 2215 1477 2312 philosophiam
1527 2216 1812 2312 acquiri
1862 2238 2078 2312 posse
2127 2225 2396 2310 putant
2439 2213 2766 2310 disputa-

687 2329 1037 2402 tionibus.
1142 2328 1337 2400 Nam
1369 2339 1639 2400 natura
1688 2327 2138 2400 definitionis
2168 2337 2282 2398 est
2315 2338 2402 2398 ut
2437 2326 2764 2415 definiat,

687 2441 767 2514 id
801 2453 936 2530 est,
975 2441 1417 2513 determinet
1451 2440 1771 2513 nominis
1802 2439 2087 2511 definiti
2125 2438 2763 2534 significationem,

690 2579 997 2651 eamque
1025 2554 1412 2627 abscindat
1438 2554 1532 2625 ab
1569 2555 1771 2627 omni
1806 2554 1950 2626 alia
1978 2553 2515 2649 significatione
2545 2577 2767 2648 quam

690 2693 854 2764 quae
887 2668 966 2740 in
1021 2667 1450 2741 definitione
1507 2668 1978 2749 continetur3
2043 2679 2119 2738 et
2174 2678 2567 2762 propterea
2623 2665 2768 2738 dis-

690 2782 1136 2854 tinctionum
1185 2793 1554 2878 quotquot
1603 2804 1760 2854 esse
1794 2792 2107 2877 possunt
2150 2780 2348 2852 circa
2381 2778 2765 2851 definitum

690 2920 839 2968 una
873 2894 1204 2968 definitio
1242 2896 1569 2968 omnium
1603 2895 1850 2967 locum
1886 2892 2197 2965 obtinet.

790 3030 883 3080 11.
940 3008 1163 3081 Quod
1185 3008 1483 3082 exhibet
1520 3007 1807 3081 definiti
1834 3000 2216 3078 notionem
2251 3004 2762 3092 universalem,

690 3119 875 3192 adeo
920 3132 1006 3192 ut
1059 3120 1353 3216 pictura
1404 3121 1742 3216 quaedam
1799 3120 1896 3191 sit
1954 3118 2413 3207 universalis,
2458 3142 2610 3190 non
2669 3118 2766 3189 ad

691 3234 1009 3322 oculum,
1057 3234 1188 3306 sed
1223 3233 1318 3306 ad
1363 3234 1711 3306 animum.
1816 3231 2010 3303 Nam
2070 3244 2155 3302 ut
2210 3230 2338 3326 qui
2391 3230 2762 3303 hominem

689 3346 933 3443 pingit
998 3345 1394 3442 imaginem
1463 3345 1687 3418 efficit
1752 3343 2072 3416 hominis
2139 3343 2382 3439 hujuS‚
2470 3344 2575 3417 sic
2638 3344 2764 3439 qui

690 3484 960 3532 nomen
1029 3459 1238 3531 homo
1324 3458 1582 3531 definit
1666 3457 2064 3553 imaginem
2147 3456 2371 3530 efficit
2445 3457 2763 3530 hominis

690 3574 1019 3670 alicujus.

792 3710 918 3760 111.
976 3686 1221 3775 Quod,
1260 3686 1350 3758 de
1388 3684 1944 3757 definitionibus
1979 3708 2076 3756 an
2106 3683 2256 3756 sint
2284 3683 2763 3771 admittendae

690 3825 949 3890 necne,
984 3824 1137 3873 non
1172 3799 1269 3871 sit
1301 3822 1601 3871 necesse
1639 3797 2037 3893 disputare.
2144 3798 2514 3871 Quoniam
2566 3796 2761 3868 enim

692 3914 887 3985 inter
935 3914 1323 3985 docentem
1359 3923 1436 3984 et
1484 3911 1924 4007 discipulum
1978 3911 2135 3984 sola
2195 3934 2311 3982 res
2365 3910 2633 4005 agitur,
2700 3909 2762 3981 si

694 4026 1091 4122 discipulus
1127 4024 1476 4121 intelligit
1505 4025 1791 4097 definiti
1823 4038 2073 4120 partes
2101 4047 2352 4096 omnes
2389 4021 2465 4094 in
2501 4022 2760 4094 defini-

691 4140 893 4213 tione
946 4139 1329 4228 resolutaS,
1388 4150 1464 4211 et
1518 4150 1765 4211 tamen
1820 4137 2322 4211 definitionem
2372 4136 2763 4208 admittere

690 4253 901 4343 nolit,
939 4251 1443 4326 controversia
1468 4254 1624 4348 jam
1658 4263 1838 4324 tunc
1873 4251 2152 4339 finitur,
2188 4250 2382 4323 idem
2417 4249 2614 4322 enim
2649 4261 2762 4322 est
