3182 5102
1113 501 1217 551 DE
1258 501 1685 551 METRODO.
1800 468 1803 471 ’
2338 482 2434 546 61,

361 667 875 765 quaesitarum,
900 668 1121 741 modo
1149 669 1540 742 methodus
1568 666 1957 764 analytica,
2008 665 2227 739 modo
2266 689 2434 761 syn-

368 782 670 871 thetica,
707 782 927 855 modo
965 792 1277 879 utraque
1312 782 1731 856 adhibenda
1765 793 1898 854 est.

467 905 538 967 4.
595 894 965 969 Quoniam
1032 907 1279 968 autem
1361 896 1485 992 qui
1556 894 1939 968 scientiam
2007 892 2437 988 simpliciter

367 1018 736 1103 quaerunt,
798 1031 963 1104 quae
1019 1009 1360 1081 consistit
1427 1009 1503 1080 in
1565 1008 1989 1105 cognitione
2054 1030 2436 1079 causarum

372 1131 730 1216 quantum
756 1121 917 1192 fieri
944 1133 1193 1217 potest
1221 1121 1550 1195 omnium
1571 1145 1866 1204 rerum;
1922 1142 2161 1193 causae
2191 1131 2439 1191 autem

369 1233 853 1330 singularium
909 1234 1235 1307 omnium
1285 1246 1829 1331 componuntur
1863 1259 1954 1307 ex
1990 1234 2227 1307 causis
2276 1233 2440 1305 uni-

373 1347 766 1420 versalium
801 1346 954 1419 sive
989 1347 1450 1443 simplicium,
1488 1371 1789 1420 necesse
1818 1347 1959 1420 illis
1989 1359 2103 1420 est
2128 1360 2214 1420 ut
2236 1347 2441 1442 prius

367 1470 831 1556 cognoscant
884 1483 1140 1532 causas
1176 1459 1697 1532 universalium
1748 1459 1900 1531 sive
1950 1458 2443 1531 accidentium

378 1595 633 1644 eorum
661 1596 825 1668 quae
860 1584 1036 1645 sunt
1062 1572 1402 1645 omnibus
1432 1572 1887 1668 corporibuS,
1922 1572 2067 1645 hoc
2103 1582 2216 1644 est
2244 1570 2444 1643 omni

379 1685 705 1758 materiae
761 1709 1211 1773 communeS,
1282 1710 1501 1782 quam
1569 1686 2074 1781 singularium,
2128 1685 2272 1757 hoc
2334 1695 2446 1755 est

379 1798 872 1871 accidentium
933 1798 1198 1895 quibus
1253 1823 1402 1871 una
1449 1823 1564 1872 res
1618 1800 1710 1872 ab
1764 1799 1909 1872 alia
1943 1798 2444 1893 distinguitur.

382 1912 663 1984 Rursus
732 1922 1129 2007 antequam
1200 1911 1370 1984 sciri
1441 1911 1736 1985 illorum
1804 1935 2044 1984 causae
2112 1921 2444 2006 possunt,

379 2047 829 2121 cognoscere
865 2036 1162 2120 oportet
1209 2048 1373 2120 quae
1409 2037 1581 2098 sunt
1632 2025 1760 2097 illa
1791 2025 1952 2120 ipsa
1985 2023 2445 2097 universalia.

386 2137 846 2211 Universalia
904 2149 1154 2210 autem
1217 2161 1385 2210 cum
1453 2137 1974 2211 contineantur
2039 2139 2118 2210 in
2185 2149 2451 2209 natura

387 2250 888 2346 singularium,
957 2252 1245 2323 ratione
1317 2250 1645 2323 eruenda
1711 2264 1907 2339 sunt,
1976 2250 2052 2322 id
2115 2262 2250 2338 est,
2319 2272 2452 2344 per

388 2363 932 2437 resolutionem.
1036 2363 1371 2459 Exempli
1404 2364 1671 2459 gratia,
1706 2363 2085 2460 proposito
2124 2362 2453 2459 quolibet

377 2488 753 2573 conceptu
816 2476 969 2548 sive
1024 2475 1193 2548 idea
1240 2476 1349 2549 rei
1401 2476 1816 2574 singulariS,
1868 2489 2051 2574 puta
2087 2475 2450 2573 quadrati.

391 2589 855 2664 Quadratum
879 2613 1057 2686 ergo
1077 2590 1488 2663 resolvetur
1508 2591 1585 2663 in
1609 2589 1942 2687 planum,
1985 2591 2453 2663 terminatum

383 2702 638 2792 IineiS,
692 2713 765 2775 et
803 2701 1112 2800 angulis
1148 2703 1405 2792 rectia,
1461 2714 1670 2776 certo
1705 2729 2025 2794 numera,
2079 2715 2156 2776 et
2210 2728 2454 2800 oequa-

392 2815 611 2888 libus.
716 2816 976 2911 Itaque
1008 2815 1363 2888 habemus
1396 2816 1838 2890 universalia
1869 2817 2052 2903 haec,
2107 2816 2258 2889 sive
2302 2840 2455 2887 ma-

393 2929 600 3002 teriae
635 2928 837 3001 omni
874 2928 1412 3015 convenientia,
1449 2927 1749 3018 lineam,
1786 2927 2123 3026 planum,
2166 2929 2273 3019 (in
2310 2952 2454 3024 quo

387 3041 820 3133 continetur
854 3041 1311 3137 superficies)
1345 3042 1842 3131 ter-minatum,
1879 3041 2256 3138 angulum,
2295 3066 2457 3113 rec-

394 3139 809 3239 titudinem,
846 3154 1374 3250 (equalitatem,
1413 3178 1733 3249 quorum
1762 3179 2021 3227 causas
2050 3155 2203 3227 sive
2232 3178 2457 3250 gene-

394 3267 721 3339 rationes
773 3265 833 3337 si
888 3266 1051 3361 quis
1100 3267 1488 3353 invenerit,
1522 3268 1602 3340 in
1638 3292 1932 3341 causam
1967 3268 2305 3364 quadrati
2341 3291 2462 3339 eas

401 3390 815 3476 componet.
918 3380 1223 3462 Rursus,
1286 3380 1347 3452 si
1407 3393 1774 3476 proponat
1828 3381 1966 3454 sibi
2025 3393 2462 3477 conceptum

397 3493 583 3583 auri,
608 3493 912 3566 venient
939 3493 1111 3566 inde
1139 3494 1573 3567 resolvendo
1603 3494 1789 3567 ideae
1823 3494 2078 3584 solidi,
2114 3493 2461 3582 visibilis,

393 3606 688 3702 gravis,
759 3606 868 3699 (id
927 3619 1040 3679 est
1095 3607 1433 3681 conantis
1495 3606 1590 3680 ad
1647 3621 1983 3681 centrum
2042 3620 2258 3680 terrae
2313 3607 2466 3680 sive

399 3730 646 3792 motus
682 3718 1055 3813 deorsum)
1117 3719 1404 3816 aliaque
1458 3721 1692 3794 multa
1745 3721 1978 3818 magis
2028 3721 2469 3795 universalia

397 3856 622 3927 quam
652 3843 765 3905 est
792 3832 1034 3928 ipsum
1055 3857 1339 3923 aurum,
1375 3858 1539 3929 quae
1565 3858 1818 3907 rursus
1841 3835 2105 3908 resolvi
2131 3846 2466 3932 possunt,

404 3945 642 4018 donec
731 3946 1203 4041 perveniatur
1270 3946 1365 4019 ad
1447 3947 2086 4021 universalissima.
2224 3950 2469 4044 Atque

403 4058 663 4131 eodem
699 4058 921 4132 modo
956 4059 1100 4133 alia
1133 4074 1353 4156 atque
1404 4060 1550 4134 alia
1600 4061 2054 4148 resolvend0,
2092 4063 2472 4159 cognitum

404 4172 550 4244 erit
617 4196 954 4268 quaenam
1015 4197 1104 4246 ea
1151 4187 1347 4262 sunt,
1411 4199 1725 4271 quorum
1794 4176 2031 4248 causis
2098 4176 2471 4273 sigillatim

404 4283 728 4379 cognitis
765 4297 842 4358 et
878 4287 1330 4383 compositiS,
1373 4300 1922 4384 cognoscuntur
1956 4313 2195 4362 causae
2230 4312 2474 4363 rerum

401 4396 914 4493 singularium.
1021 4399 1557 4473 Concludemus
1607 4399 1856 4496 itaque
1905 4401 2329 4475 methodum
2363 4403 2473 4475 in-

2538 696 2712 745 PARS
2750 694 2791 744 Ι.

2519 763 2801 866 ,Σὲ-μ

2461 901 2577 949 Pars
2600 902 2768 964 prima,

2461 983 2556 1029 qua
2577 966 2809 1029 principia

2464 1032 2784 1087 inveniuntur,

2463 1105 2536 1144 est
2556 1112 2673 1159 pure

2464 1162 2713 1225 analytica.
