3182 5102
391 680 567 731 PARS
594 681 634 731 Ι.

489 749 532 797 l.

374 886 544 933 Animi

370 950 708 999 Ratiocinatio.

735 469 780 534 4
1214 478 1746 536 COMPUTA'rm
1788 485 1975 536 slvn
2017 485 2339 537 Looch.

736 660 1082 735 distincte
1108 662 1342 736 visam
1376 664 1725 760 concipit,
1762 663 1888 737 illa
1922 664 2090 737 idea
2125 662 2538 760 composita
2573 671 2687 734 est
2722 683 2813 732 ex

732 776 1343 870 praecedentibuS,
1400 789 1624 874 atque
1657 778 1800 850 hoc
1835 778 2057 850 modo
2098 778 2477 873 componit
2526 775 2813 848 animus

733 888 935 961 ideas
983 890 1399 985 praedictaS,
1456 892 1715 964 eodem
1773 892 2030 964 ordine
2119 917 2265 987 quo
2331 891 2407 963 in
2477 888 2812 961 oratione

735 1016 1280 1098 componuntur
1346 1005 1506 1077 haec
1560 1005 1864 1077 nomina
1931 1005 2220 1101 singula
2283 1028 2582 1100 corpuS,
2647 1000 2813 1072 ani-

734 1126 1027 1206 matum,
1072 1117 1472 1204 rationale,
1508 1118 1585 1190 in
1620 1142 1848 1190 unum
1882 1143 2155 1191 nomen
2202 1142 2479 1214 corpus
2528 1115 2812 1187 anima-

736 1238 886 1301 tum
977 1229 1377 1317 rationale,
1477 1231 1631 1303 sive
1714 1230 2091 1304 hominem.
2271 1229 2624 1303 Similiter
2706 1249 2807 1299 ex

736 1343 1216 1438 conceptibus
1255 1342 1795 1440 quadrilateri,
1848 1342 2306 1439 oequilateri,
2351 1338 2809 1438 rectanguli,

736 1456 1205 1584 componitur
1288 1467 1692 1553 conceptus
1761 1456 2123 1552 quadrati.
2278 1456 2531 1528 Potest
2615 1453 2810 1525 enim

734 1570 1021 1642 animus
1093 1571 1481 1665 concipere
1550 1570 2127 1666 quadrilaterum
2203 1570 2360 1642 sine
2446 1577 2810 1664 conceptu

734 1682 1165 1778 aequilateri,
1205 1697 1282 1754 et
1317 1682 1726 1778 aequilateri
1766 1683 1922 1755 sine
1960 1695 2325 1777 conceptu
2373 1680 2808 1777 rectanguli,

734 1807 810 1867 et
847 1808 1207 1891 concepta
1240 1795 1400 1867 haec
1436 1795 1727 1890 singula
1758 1806 2007 1889 potest
2037 1796 2486 1890 conjungere
2519 1794 2599 1866 in
2634 1817 2809 1865 con-

733 1920 1029 2004 ceptum
1063 1933 1314 1997 unum,
1374 1908 1526 1980 sive
1561 1908 1802 1980 ideam
1850 1931 2074 1979 unam
2129 1906 2493 2003 quadrati.
2598 1907 2811 1978 Patet

733 2045 910 2117 ergo
946 2047 1093 2118 quo
1128 2021 1348 2095 modo
1397 2022 1683 2093 animus
1722 2033 2081 2115 concepta
2115 2021 2514 2117 componit.
2620 2020 2809 2091 Rur-

734 2158 857 2207 sus
927 2135 999 2207 si·
1026 2135 1188 2229 quis
1250 2134 1623 2207 hominem
1691 2145 2056 2206 astantem
2124 2132 2397 2222 videat,
2485 2132 2809 2228 concipit

733 2258 971 2319 totam
1034 2249 1191 2343 ejus
1246 2246 1510 2335 ideam,
1568 2246 1631 2319 si
1681 2270 1857 2318 vero
1920 2245 2387 2318 recedentem
2459 2257 2810 2341 sequatur

733 2360 963 2432 oculis
1013 2372 1327 2448 tantum,
1385 2360 1680 2432 amittet
1739 2359 1978 2432 ideam
2034 2383 2286 2432 earum
2346 2383 2597 2431 rerum
2645 2383 2810 2455 quae

733 2474 944 2570 signa
978 2485 1191 2546 erant
1224 2474 1557 2564 rationiS,
1622 2485 1948 2546 attamen
2004 2473 2171 2545 idea
2218 2473 2522 2546 animati
2578 2471 2808 2546 oculis

732 2587 1144 2677 inhaerebit,
1175 2588 1425 2684 itaque
1460 2612 1562 2661 ex.
1585 2598 1748 2660 tota
1780 2586 1947 2659 idea
1979 2586 2318 2676 hominis,
2355 2588 2431 2659 id
2466 2600 2603 2677 est,
2640 2612 2807 2659 cor-

726 2702 948 2798 poris
996 2701 1311 2773 animati
1377 2700 1787 2773 rationalis
1857 2700 2290 2774 subducitur
2350 2701 2517 2773 idea
2568 2701 2799 2772 ratio-

730 2814 956 2904 nalia,
1005 2814 1299 2887 residua
1332 2827 1445 2887 est
1481 2813 1830 2911 corporis
1864 2814 2179 2886 ani-mati
2207 2841 2233 2897 ‚·
2288 2814 2552 2887 deinde
2586 2814 2805 2911 paulo

728 2933 898 3024 po'st
965 2928 1065 3000 in'
1103 2927 1458 3000 distantia
1503 2929 1781 3023 majore
1836 2927 2219 3000 amittetur
2267 2926 2435 3000 idea
2467 2926 2805 3016 animati,

730 3040 1084 3114 residebit
1131 3040 1297 3114 idea
1359 3040 1709 3137 corporis
1766 3050 2080 3129 tantum,
2137 3041 2584 3136 tandemque
2640 3065 2813 3113 cumr

727 3179 883 3251 prae
940 3153 1293 3227 distantia
1339 3153 1650 3248 amplius
1714 3153 2041 3248 conspici
2093 3177 2243 3226 non
2303 3165 2576 3250 potest,
2644 3165 2809 3226 tota

730 3267 896 3341 idea
963 3269 1056 3340 ab
1127 3266 1358 3340 oculis
1427 3265 1821 3339 evanescit.
1957 3267 2205 3361 Atque
2271 3267 2388 3340 his
2456 3267 2805 3363 exemplis

731 3381 966 3477 qualis
988 3405 1105 3453 res
1136 3381 1233 3453 sit
1259 3380 1483 3453 animi
1506 3378 1973 3453 ratiocinatio
1985 3379 2279 3452 interna
2306 3381 2463 3452 sine
2476 3382 2803 3471 vocibus,

732 3494 910 3568 satis
945 3494 1562 3590 exemplificatum
1597 3516 1754 3565 esse
1788 3503 1994 3588 puto.

830 3608 1002 3680 Non
1056 3631 1232 3703 ergo
1286 3606 1698 3703 putandum
1757 3617 1870 3678 est
1924 3607 2481 3702 computationi,
2539 3607 2616 3680 id
2668 3620 2804 3697 est,

731 3720 1281 3794 ratiocinationi
1315 3720 1393 3792 in
1428 3719 1753 3792 numeris
1788 3730 2080 3791 tantum
2134 3719 2379 3793 locum
2422 3745 2603 3811 esse,
2640 3734 2805 3795 tan-

733 3857 953 3929 quam
987 3834 1208 3907 homo
1245 3857 1289 3905 a
1312 3832 1601 3924 caeteris
1637 3832 2132 3906 animantibus
2174 3832 2405 3927 (quod
2434 3835 2804 3907 censuisse

731 3958 1075 4019 narratur
1148 3946 1666 4043 Pythagoras)
1743 3945 1899 4017 sola
1965 3946 2399 4017 numerandi
2452 3946 2804 4022 facultate

734 4059 1126 4133 distinctus
1162 4071 1379 4148 esset,
1434 4083 1607 4131 nam
1664 4071 1740 4132 et
1794 4058 2224 4155 magnitudo
2289 4060 2803 4155 magnitudini,

730 4197 1001 4269 corpus
1069 4173 1383 4268 corpori,
1462 4185 1705 4245 motus
1773 4172 2033 4261 motui,
2107 4184 2394 4267 tempus
2463 4176 2803 4271 tempori,

731 4286 1004 4381 gradus
1049 4285 1423 4382 qualitatis
1477 4285 1765 4381 gradui,
1819 4285 2013 4358 actio
2049 4285 2347 4373 actioni,
2402 4301 2804 4385 conceptus

729 4398 1149 4495 conceptui,
1204 4398 1586 4493 proportio
1621 4397 2106 4494 proportioni,
2164 4398 2403 4472 oratio
2460 4401 2802 4495 orationi,
