3182 5102
1036 466 1142 516 nn
1178 466 1684 533 namn-lomi,
1723 466 1893 518 mc.
2396 455 2488 519 55

424 632 1020 729 phantasmatum
1061 633 1523 729 copulantur,
1580 658 1734 707 non
1789 632 2041 707 statim
2104 635 2485 729 cognosci·
2590 644 2763 695 PARS
2798 645 2842 696 1·

424 768 584 818 mus
639 756 1034 841 propterea
1098 769 1195 819 an
1245 745 1787 842 propositiones
1846 745 1990 819 illae
2041 769 2236 819 verae
2288 759 2484 838 sunt,
2582 712 2846 817 »L«

425 858 554 933 sed
614 869 911 955 oportet
953 858 1157 955 prius
1222 883 1670 956 cognoscere
1726 859 2109 955 utriusque
2170 861 2486 935 nominis
2510 846 2807 975 2⁴:23⁶&oe

425 971 955 1062 definitionem,
983 982 1062 1045 et
1094 996 1348 1046 rursus
1370 973 1752 1047 nominum
1772 997 1936 1070 quae
1963 974 2040 1047 in
2063 974 2487 1049 definitione
2508 979 2713 1106 fgffiff

424 1086 549 1160 illa
577 1097 957 1181 ponuntur
988 1085 1479 1177 definitiones,
1532 1086 1768 1162 donec
1818 1087 2250 1161 continuata
2289 1111 2487 1162 reso-
2510 1107 2610 1156 sive
2630 1059 2817 1158 ωοὲῗωι

423 1199 702 1273 lutione
735 1197 1208 1294 perveniatur
1250 1198 1347 1272 ad
1378 1223 1650 1273 nomen
1701 1200 2357 1298 simplicissimum3
2410 1200 2489 1273 id
2510 1187 2698 1235 ἕπε’*

424 1324 538 1386 est
571 1311 648 1385 in
678 1335 770 1384 eo
803 1334 1075 1408 genere
1108 1335 1354 1386 rerum
1388 1336 1775 1404 summum,
1829 1314 1981 1387 sive
2022 1313 2487 1388 universalis-

424 1426 712 1511 simum,
772 1424 973 1520 quod
1035 1423 1098 1498 si
1157 1448 1396 1521 neque
1453 1437 1634 1499 tunc
1689 1426 1961 1500 veritas
2016 1439 2146 1500 aut
2203 1426 2485 1501 falsitas

422 1551 753 1637 apparet,
806 1538 1289 1635 philosophiae
1336 1562 1453 1612 res
1502 1550 1640 1626 est,
1696 1552 1773 1613 et
1830 1539 2394 1614 ratiocinatione
2441 1566 2488 1614 a

422 1651 973 1728 definitionibus
994 1652 1415 1749 incipiente,
1439 1652 1987 1749 investiganda3
2023 1654 2260 1727 omnis
2289 1654 2484 1727 enim

420 1763 828 1864 propositio
861 1764 1374 1838 universaliter
1407 1789 1603 1856 vera,
1639 1778 1769 1839 aut
1804 1766 2134 1841 definitio
2170 1779 2305 1858 est,
2354 1780 2485 1841 aut

418 1902 593 1977 pars
660 1877 1131 1967 definitioniS,
1211 1890 1341 1951 aut
1406 1902 1494 1952 ex
1564 1879 2116 1954 definitionibus
2184 1879 2484 1955 demon-

423 1992 748 2067 stranda.

533 2116 644 2179 ll.
699 2103 1115 2201 Syllogismi
1182 2104 1465 2193 vitium,
1539 2105 1738 2200 quod
1805 2104 1883 2178 in
1948 2106 2187 2180 forma
2251 2106 2482 2180 latere
2506 2122 2693 2201 Vitiunp
2755 2189 2768 2201 ,

422 2231 692 2315 potest,
762 2218 1172 2314 reperietur
1245 2240 1553 2313 semper,
1638 2219 1754 2292 vel
1831 2218 1907 2293 in
1983 2219 2480 2317 implicatione
2504 2188 2852 2318 ffissffiss

424 2332 707 2428 copulae
773 2355 940 2404 cum
1016 2330 1249 2404 altero
1318 2331 1825 2422 terminorum,
1909 2332 2027 2406 vel
2094 2333 2172 2406 in
2237 2334 2483 2430 aliqua
2504 2320 2824 2449 ζζῗξξὲξιῗ

420 2469 684 2520 vocum
718 2443 1339 2540 aequivocatione;
1391 2456 1709 2541 utroque
1756 2457 2003 2520 autem
2049 2447 2269 2521 modo
2304 2472 2483 2544 qua-

419 2573 592 2635 tuor
625 2561 808 2633 fient
853 2558 1174 2648 termini,
1228 2559 1425 2656 quod
1466 2571 1846 2634 ostensum
1878 2573 1993 2634 est
2038 2561 2117 2634 in
2151 2562 2481 2658 legitimo

421 2673 841 2772 syllogismo
908 2672 1069 2744 fieri
1135 2696 1285 2746 non
1350 2695 1590 2768 posse.
1747 2673 2157 2769 Implicatio
2234 2687 2484 2748 autem

421 2787 704 2884 copulae
735 2785 933 2860 fem
1000 2785 1281 2859 utrovis
1350 2786 1692 2875 termino,
1759 2785 2082 2860 reductis
2148 2788 2481 2885 proposi-

420 2900 745 2975 tionibus
778 2897 876 2973 ad
899 2921 1159 2994 puram
1187 2909 1265 2971 et
1286 2897 1560 2971 nudam
1584 2897 2208 2995 praedicationem,
2231 2901 2481 2976 statim

420 3014 814 3112 detegitur,
849 3023 935 3085 ut
967 3011 1031 3084 si
1064 3010 1227 3108 quis
1262 3011 1368 3085 sic
1399 3022 1811 3108 argutetur,

815 3174 1097 3247 Manus
1134 3173 1388 3271 tangit
1422 3172 1806 3261 calamum,

821 3285 1170 3359 Calamus
1205 3287 1462 3384 tangit
1494 3285 1860 3377 chartam,
1913 3288 2138 3386 Ergo,

819 3398 1096 3471 Manus
1132 3399 1387 3496 tangit
1422 3398 1787 3471 chartam.

421 3577 709 3675 Ineptia
739 3598 873 3672 per
899 3573 1406 3649 reductionem
1435 3575 1687 3648 statim
1720 3574 2110 3648 manifesta
2143 3588 2280 3667 est,
2307 3602 2478 3652 nam

421 3692 482 3766 si
515 3691 621 3766 sic
653 3688 1115 3778 enuncietur,

817 3851 1096 3924 Manus
1128 3859 1245 3923 est
1280 3860 1602 3947 tangens
1637 3848 2020 3941 calamum,

819 3963 1168 4037 Calamus
1201 3972 1319 4035 est
1354 3972 1675 4060 langen-s·
1710 3962 2074 4053 chartam,
2128 3965 2350 4060 Erg0,

812 4077 1093 4150 Manus
1125 4085 1243 4149 est
1277 4084 1597 4172 tangens
1633 4074 1994 4165 chartam,

418 4255 785 4329 manifesti
839 4265 1014 4327 sunt
1067 4263 1384 4350 quatuor
1443 4252 1764 4342 termini,
1824 4277 2103 4345 manus,
2155 4266 2476 4355 tangens

416 4369 799 4459 calamum,
837 4367 1191 4456 calamus,
1228 4376 1304 4439 et
1340 4375 1668 4463 tangens
1702 4366 2065 4441 chartam.
