3182 5102
738 485 821 549 12
1199 499 1730 551 COMPUTATIO
1771 499 1957 551 slvE
1998 498 2321 551 Loech.

380 693 556 743 PARS
581 694 625 744 1.
727 700 1199 750 numerorum
1267 678 1424 752 sine
1473 679 1891 752 nominibus
1944 678 2441 752 numeralibus
2504 678 2796 771 (ordine

372 762 636 867 »ἕξ-κ
729 790 1125 886 dispositiS,
1163 793 1731 888 memoriterque
1757 792 2116 887 recitatis)
2152 791 2569 864 meminisse
2599 791 2797 887 quis-

729 928 948 1000 quam
979 917 1250 1001 potest.
1315 906 1575 1001 Itaque
1611 906 1886 1001 absque
1920 905 2166 1002 aliquo
2191 906 2319 978 tali
2343 905 2794 1001 adjumentO,

728 1018 1079 1115 quicquid
1133 1019 1356 1092 homo
1412 1019 1610 1115 apud
1659 1020 1981 1091 animum
2019 1043 2229 1091 suum
2283 1018 2794 1092 ratiocinando

726 1130 1115 1204 collectum
1181 1133 1547 1222 habuerit,
1618 1132 1868 1205 statim
1937 1132 2275 1221 elabitur,
2345 1156 2482 1204 nec
2547 1144 2797 1227 potest

725 1243 867 1317 nisi
902 1246 1170 1318 iterato
1206 1269 1428 1341 opere
1479 1245 1834 1318 revocari.
1936 1246 2050 1317 Ex
2083 1269 2230 1340 quo
2284 1244 2639 1340 sequitur,
2693 1242 2802 1315 ad

711 1356 1226 1456 philosophioe
1262 1359 1848 1456 acquisitionem,
1902 1358 2318 1430 necessaria
2352 1380 2509 1430 esse
2561 1356 2796 1429 moni-

724 1482 976 1543 menta
1026 1471 1272 1567 aliqua
1326 1471 1720 1560 sensibilia,
1778 1469 2042 1566 quibus
2098 1482 2176 1542 et
2223 1470 2477 1542 reduci
2513 1470 2794 1565 cogita-

726 1583 963 1656 tiones
999 1585 1418 1679 praeteritae,
1469 1595 1544 1657 et
1579 1608 1712 1657 suo
1764 1607 2074 1679 quaeque
2128 1583 2386 1656 ordine
2444 1595 2797 1678 tanquam

360 1711 552 1786 Notaen
724 1697 1104 1792 registrari
1169 1698 1478 1793 possint.
1604 1696 2047 1792 Hujusmodi
2109 1696 2562 1768 monimenta
2622 1706 2796 1767 sunt

356 1776 602 1824 nemum
726 1833 906 1905 quas
973 1833 1319 1883 vocamus
1381 1820 1601 1883 notas
1623 1838 1652 1892 ;
1738 1809 2107 1899 nimirum,
2192 1834 2319 1882 res
2403 1806 2796 1880 sensibiles

721 1922 1046 1995 arbitrio
1084 1932 1341 1995 nostro
1378 1922 1788 2013 adhibitas,
1843 1932 1923 1994 ut
1972 1921 2273 1994 illarum
2319 1946 2538 1994 sensu
2584 1921 2795 2019 cogi-

724 2035 1049 2107 tationes
1106 2036 1183 2107 in
1237 2035 1553 2107 animum
1593 2035 1940 2107 revocari
1985 2044 2317 2132 possunt
2352 2033 2636 2106 similes
2693 2034 2795 2106 iis

722 2147 1311 2245 cogitationibus
1345 2172 1660 2244 quarum
1688 2147 1963 2244 gratia
1998 2156 2171 2218 sunt
2206 2146 2593 2218 adhibitae.

355 2270 633 2318 Eorundem
822 2270 891 2333 2.
947 2261 1228 2333 Rursus
1297 2261 1437 2332 etsi
1496 2284 1688 2333 unus
1758 2258 2020 2354 aliquis
2074 2258 2296 2332 homo
2352 2282 2794 2355 quamquam

353 2335 696 2461 ἲῗέιῗῖἔὲᾞᾱῖἶ
723 2373 1146 2447 excellentis
1213 2374 1514 2470 ingenii,
1582 2373 1855 2470 partim
1922 2372 2457 2462 ratiocinand0‚
2524 2373 2796 2468 partim

351 2465 624 2594 {¹2¹3ssthss
722 2497 941 2560 nota-s·
976 2487 1072 2560 ad
1105 2488 1534 2561 memoriam
1569 2487 2059 2584 adjuvandam
2094 2486 2534 2560 inveniendo
2571 2497 2795 2584 atque

720 2602 1113 2675 ediscendo
1182 2615 1471 2698 tempus
1549 2625 1762 2674 suum
1832 2624 2048 2674 omne
2117 2613 2559 2690 contereret,
2631 2602 2793 2697 quis

713 2716 924 2789 illum
978 2740 1127 2789 non
1164 2716 1367 2789 videt
1413 2740 1654 2811 neque
1694 2715 1832 2788 sibi
1873 2715 2209 2803 multum,
2267 2728 2345 2788 et
2399 2715 2560 2787 aliis
2609 2715 2794 2788 nihil

719 2829 1243 2924 profuturum?
1294 2829 1437 2901 nisi
1473 2829 1671 2900 enim
1720 2828 2177 2901 monimenta
2211 2852 2377 2924 quae
2422 2828 2795 2901 invenerit

717 2941 882 3032 sibi,
947 2944 1364 3015 communia
1429 2966 1722 3039 quoque
1790 2941 1950 3014 aliis
2020 2941 2191 3030 sint,
2262 2940 2572 3014 scientia
2639 2944 2795 3037 ejus

721 3079 888 3127 cum
940 3055 1099 3152 ipso
1153 3056 1446 3152 peribit.
1556 3054 1779 3129 Quod
1813 3054 1876 3127 si
1911 3054 2328 3126 communia
2362 3054 2510 3127 sint
2543 3054 2795 3126 multis

716 3170 978 3242 eadem
1026 3170 1503 3255 monimenta,
1568 3168 1721 3240 sive
1771 3177 1989 3255 ποία),
2048 3179 2124 3239 et
2168 3191 2332 3263 quae
2367 3168 2459 3240 ab
2495 3192 2644 3240 uno
2681 3167 2794 3240 in-

718 3283 1118 3364 veniuntur
1137 3283 1298 3355 aliis
1328 3281 1606 3356 tradita
1626 3279 1925 3369 fuerint,
1962 3304 2130 3351 cum
2152 3280 2476 3353 universi
2504 3279 2795 3376 generis

717 3393 1021 3467 humani
1052 3395 1375 3468 utilitate
1420 3393 1750 3466 scientiae
1798 3393 2052 3488 augeri
2097 3405 2430 3488 possunt.
2535 3394 2795 3489 Itaque

719 3506 816 3578 ad
860 3508 1346 3604 philosophiae
1400 3506 1963 3603 acquisitionem
2012 3507 2507 3579 necessarium
2550 3518 2664 3579 est
2710 3522 2796 3579 ut

709 3620 868 3692 sint
913 3621 1124 3717 signa
1178 3621 1424 3717 aliqua
1479 3620 1769 3716 quibuS‚
1823 3643 1991 3715 quae
2037 3620 2130 3692 ab
2167 3619 2328 3693 aliis
2376 3621 2796 3716 excogitata

719 3745 915 3823 sunt,
951 3734 1112 3807 aliis
1146 3734 1481 3831 patefieri
1510 3749 1586 3806 et
1616 3733 2105 3806 demonstrari
2131 3733 2441 3829 possint.
2545 3733 2793 3830 Signa

717 3859 965 3920 autem
997 3850 1248 3921 vocari
1300 3848 1541 3921 solent
1591 3846 2117 3920 antecedentia
2170 3847 2791 3943 consequentium,

718 3970 793 4031 et
821 3962 1350 4058 consequentia
1379 3959 1994 4047 antecedentium,
2032 3960 2325 4056 quoties
2346 3958 2794 4056 plerumque

718 4096 810 4142 ea
868 4071 1100 4144 simili
1164 4073 1375 4145 modo
1439 4071 1881 4169 proecedere
1950 4082 2025 4143 et
2086 4073 2436 4169 consequi
2489 4072 2792 4168 experti

721 4207 985 4257 sumna.
1089 4186 1424 4282 Exempli
1478 4186 1743 4282 gratia,
1798 4185 2031 4258 nubes
2089 4184 2317 4257 densa
2352 4184 2642 4281 signum
2678 4197 2791 4258 est

707 4310 1284 4395 consequuturae
1350 4299 1644 4395 pluviae,
1710 4310 1785 4371 et
1837 4297 2086 4394 pluvia
2146 4298 2438 4394 signum
2496 4312 2791 4372 antece-

718 4409 959 4484 dentis
1008 4411 1248 4500 nubiS,
1310 4412 1404 4484 ob
1457 4435 1619 4484 eam
1674 4435 1991 4502 causam,
2057 4411 2256 4507 quod
2308 4436 2476 4484 raro
2518 4413 2792 4492 nubem
