3182 5102
734 446 880 525 270
1223 462 1329 513 DE
1371 461 1882 513 RATIONOEUS
1923 461 2310 513 Mo'rnUM.

390 645 566 696 PARS
591 643 697 694 111-
847 638 958 703 ll.
1041 628 1119 702 Si
1178 628 1258 701 in
1324 626 1569 700 medio
1636 625 2126 722 undequaque
2190 626 2445 715 fluido,
2510 627 2718 722 quod
2780 652 2827 699 a

388 713 659 819 ε-Ξ-ιὲ-ν
741 765 1048 839 corpore
1116 754 1621 815 commovetur
1688 741 2136 829 circumacto
2196 752 2407 813 motu
2456 740 2823 836 simplice,

355 850 636 965 {iffissffi
737 856 889 929 sive
922 854 984 927 is
1015 866 1262 927 motus
1294 852 1624 950 perfecte
1660 852 2034 925 circularis
2077 853 2173 926 sit
2217 853 2369 925 sive
2415 852 2821 949 ellipticuS,

363 990 455 1040 est,
475 980 647 1027 lubeat
736 968 888 1042 sive
965 966 1369 1042 secundum
1452 966 1722 1038 lineam
1806 966 1884 1038 in
1951 990 2029 1039 se
2100 965 2484 1039 reductam
2554 990 2821 1062 quam-

360 1046 688 1168 ῗέῗὲιῖωωῖιῗζ
735 1104 1048 1176 cunque,
1103 1091 1426 1176 ponatur
1484 1079 1686 1153 aliud
1747 1103 2014 1175 corpus
2064 1079 2374 1152 fluidum
2427 1092 2505 1151 et
2569 1079 2819 1175 ipsum

356 1174 675 1298 fflffitffloflu'
733 1194 1064 1267 tenacius
1126 1205 1374 1267 tamen
1436 1218 1659 1289 quam
1712 1205 1826 1265 est
1880 1193 2247 1276 medium;
2319 1192 2485 1266 dico
2538 1192 2818 1288 prime,

359 1305 465 1431 {22
475 1311 695 1418 ‘¹¹22oe
733 1319 980 1404 partes
1034 1307 1314 1402 aliquas
1368 1307 1915 1395 minutissimae,
1977 1319 2281 1403 propter
2330 1305 2532 1378 illam
2581 1304 2818 1376 medii

356 1435 488 1482 circu
510 1434 619 1482 aria
736 1419 1333 1505 concitationem,
1420 1419 1705 1492 avulsas
1772 1443 1818 1493 a
1886 1433 2155 1492 caetera
2220 1419 2415 1493 mole
2481 1418 2817 1491 medium

735 1533 1323 1628 subingressuras
1378 1556 1556 1621 esse,
1615 1556 1905 1629 easque,
1964 1558 2127 1630 quae
2184 1533 2424 1629 primo
2478 1534 2816 1606 moventi

737 1648 1248 1734 obvertuntur,
1314 1646 1617 1742 propius
1683 1645 1779 1719 ad
1845 1647 2083 1742 ipsum
2133 1670 2549 1719 accessuras
2600 1669 2811 1718 esse:

736 1758 1082 1848 secundo,
1144 1758 1345 1855 quod
1388 1758 1676 1855 reliqua
1721 1759 1950 1832 moles
1996 1759 2485 1832 intumescet:
2556 1758 2810 1846 terti0,

736 1873 937 1970 quod
969 1870 1225 1945 eadem
1258 1872 1487 1945 moles
1520 1872 1754 1968 magis
1781 1870 1878 1945 ad
1913 1896 2034 1945 eas
2065 1884 2314 1967 partes
2348 1870 2676 1958 accedet,
2724 1873 2809 1943 in

735 1986 996 2082 quibus
1054 1984 1373 2059 maxima
1426 1999 1535 2059 est
1589 1985 1937 2059 fluiditas.
2044 1985 2557 2082 Supponamus
2606 1984 2809 2057 enim

733 2123 1002 2196 corpus
1054 2098 1355 2195 aliquod
1406 2099 1484 2171 in
1527 2099 1772 2173 medio
1805 2098 2059 2187 fluido,
2106 2110 2289 2195 puta
2331 2121 2523 2187 aere,
2579 2097 2810 2170 collo-

731 2228 1003 2301 catum,
1056 2223 1266 2284 motu
1316 2212 1646 2309 simplice
1689 2212 1766 2285 in
1803 2237 1881 2286 se
1928 2212 2286 2286 redeunte
2319 2235 2567 2285 aerem
2602 2235 2806 2284 com-

728 2350 1067 2409 movere;
1149 2324 1227 2397 in
1296 2325 1554 2398 eodem
1611 2338 1860 2400 autem
1922 2349 2090 2399 aere
2150 2325 2592 2399 collocatum
2646 2348 2805 2396 esse

727 2438 1037 2512 fluidum
1083 2438 1306 2528 aliud,
1342 2439 1472 2511 sed
1504 2463 1675 2512 aere
1704 2440 2057 2529 tenaciuS,
2094 2452 2181 2511 ut
2222 2463 2512 2535 aquam.
2615 2437 2802 2510 Dico

727 2565 973 2648 partes
1050 2577 1263 2648 aquae
1340 2551 1621 2649 aliquas
1688 2553 2009 2627 minutas
2076 2551 2487 2625 necessario
2557 2574 2802 2624 aerem

730 2666 1322 2762 subingressuras
1358 2689 1531 2739 esse.
1641 2666 2011 2742 Quoniam
2047 2663 2243 2737 enim
2277 2676 2648 2737 ostensum
2690 2675 2801 2746 ,αεὶ

729 2779 1041 2852 articulo
1075 2777 1358 2874 quinto,
1396 2778 1741 2869 medium,
1776 2777 1859 2850 id
1890 2791 2002 2851 est
2033 2801 2304 2859 aerem,
2339 2777 2446 2850 ita
2478 2800 2798 2849 commo-

729 2891 886 2965 veri
918 2902 1005 2964 ut
1038 2891 1345 2987 singulae
1376 2903 1628 2988 partes
1663 2893 1841 2987 ejuS,
1869 2915 2101 2987 usque
2126 2890 2225 2964 ad
2255 2890 2794 2977 minutissimas,

729 3005 895 3078 loca
952 3027 1085 3076 sua
1143 3027 1311 3075 cum
1364 3003 1743 3100 particulis
1791 3004 2143 3100 proximis
2185 3012 2545 3100 perpetuo
2601 3027 2798 3076 com-

729 3128 1042 3206 mutent,
1078 3139 1376 3189 necesse
1411 3133 1523 3189 est
1555 3128 1643 3189 ut
1673 3127 1920 3213 partes
1967 3140 2177 3212 aquae
2222 3115 2374 3189 aeri
2403 3116 2792 3212 contiguae,

731 3255 899 3303 cum
932 3229 1262 3327 partibus
1300 3229 1512 3318 aeriS,
1553 3230 1721 3303 loca
1754 3240 2230 3302 commutent.
2333 3229 2585 3302 Partes
2619 3253 2792 3325 ergo

728 3368 940 3440 aquae
1007 3367 1255 3417 aerem
1322 3342 1975 3439 subingrediuntur
2042 3343 2348 3439 aliquae:
2429 3342 2625 3437 quod
2688 3354 2794 3414 est

724 3457 1065 3553 primum.
1201 3456 1565 3546 Secundo,
1637 3457 1986 3553 quoniam
2053 3480 2264 3552 aquae
2329 3468 2576 3552 partes
2626 3455 2791 3544 illae,

725 3595 892 3667 quae
924 3570 1001 3643 in
1035 3594 1280 3644 aerem
1314 3581 1485 3643 sunt
1517 3570 1889 3666 ingressae,
1929 3570 2198 3642 avulsae
2232 3580 2405 3641 sunt
2447 3594 2491 3641 a
2527 3581 2795 3642 caetera

721 3683 916 3757 mole
999 3706 1235 3778 aquae,
1320 3682 1733 3780 habeatque
1821 3707 2032 3779 aqua,
2110 3705 2245 3778 per
2328 3681 2791 3777 hypothesin,

723 3796 1201 3870 tenacitatem
1284 3795 1628 3892 aliquam,
1714 3796 1845 3867 fiet
1904 3793 2341 3868 *necessario
2436 3806 2523 3866 ut
2605 3817 2795 3890 aqua

721 3934 1026 3998 summa,
1093 3909 1293 3983 unde
1354 3908 1498 3982 illae
1564 3907 1947 4005 particulae
2018 3932 2329 4004 egressae
2397 3919 2592 3996 sunt,
2662 3907 2792 3980 ali-

722 4045 1101 4119 quousque
1181 4045 1506 4117 egressas
1591 4031 1961 4117 sequatur,
2047 4020 2125 4094 id
2220 4032 2357 4110 est,
2439 4032 2528 4093 ut
2604 4044 2795 4117 aqua

721 4136 1097 4232 aliquanto
1132 4136 1621 4208 intumescat:
1660 4133 1858 4230 quod
1888 4146 2002 4208 est
2036 4125 2460 4208 secundum.
2510 4135 2789 4224 Tertio,

719 4250 1068 4344 quoniam
1102 4248 1434 4344 corporis
1483 4273 1631 4321 una
1663 4272 1831 4344 pars
1877 4248 2315 4345 supponitur
2347 4248 2583 4345 magis
2632 4272 2789 4321 esse

715 4360 944 4434 fluida
1029 4385 1245 4456 quam
1334 4361 1497 4450 alia,
1583 4361 1868 4435 facilius
1964 4363 2455 4435 intumescent
2539 4375 2789 4459 partes
