3182 5102
737 504 841 554 DE
883 503 1127 569 soNO,
1167 501 1475 568 ononn,
1516 500 1859 568 sAPonn,
1898 499 2074 552 Ετο.
2287 485 2433 552 403

359 668 667 741 materia
699 691 909 765 aeque
943 690 1212 756 crassa,
1258 690 1519 740 sonum
1553 665 1941 740 reddentia
1973 667 2432 764 aequabilem,
2506 673 2685 786 ΡΑῙξξ
2719 671 2807 721 IV·

360 780 633 854 diutius
703 781 1043 860 audietur
1127 803 1348 853 sonus
1413 782 1596 876 ejus,
1668 780 1869 877 quod
1932 781 2010 853 in
2078 781 2432 877 majorem
2535 772 2782 843 »al-2

360 894 783 967 extenditur
847 892 1407 990 longitudinem.
1553 893 1806 966 Motus
1875 895 2092 983 enim,
2163 893 2289 989 qui
2356 893 2434 965 in

359 1018 672 1103 utroque
721 1006 981 1103 incipit
1030 1029 1076 1078 a
1124 1016 1398 1103 puncto
1451 1006 1965 1102 percussioniS,
2017 1030 2150 1102 per
2199 1007 2434 1103 majus

360 1121 678 1217 spatium
709 1120 786 1192 in
815 1121 1091 1215 majore
1135 1141 1441 1214 corpore
1466 1117 1985 1215 propagandus
2019 1131 2154 1206 est,
2194 1132 2269 1192 et
2302 1144 2434 1215 per

361 1255 839 1330 consequenS,
873 1234 949 1306 in
984 1234 1260 1329 majore
1295 1245 1650 1328 tempore.
1751 1234 2011 1328 Itaque
2045 1232 2123 1304 in
2157 1233 2432 1328 majore

360 1357 688 1443 tempore
755 1357 1003 1442 partes
1070 1356 1291 1418 motae
1376 1368 1629 1418 rursus
1698 1345 2029 1418 redeunt.
2186 1346 2432 1420 Quare

357 1460 621 1533 itiones
681 1471 758 1534 et
805 1459 1206 1533 reditiones
1267 1459 1575 1554 singulae
1630 1459 1708 1531 in
1765 1460 2044 1555 majore
2106 1471 2433 1554 tempore

358 1574 863 1660 absolvuntur,
914 1584 990 1645 et
1039 1571 1302 1645 delatae
1361 1570 1458 1644 ad
1512 1595 1725 1645 aures
1786 1595 2050 1644 sonum
2110 1571 2435 1645 efficiunt

361 1686 917 1760 diuturniorem.
1005 1685 1486 1759 Manifestum
1519 1702 1769 1758 autem
1802 1684 1977 1758 hinc
2012 1695 2150 1774 est,
2189 1708 2434 1781 aequa-

357 1799 603 1873 biliter
636 1800 1075 1890 sonantium,
1112 1799 1389 1872 diutius
1440 1822 1727 1885 sonare,
1778 1799 2063 1871 caeteris
2112 1799 2435 1895 paribus,

361 1934 671 2009 corpora
704 1914 888 1986 dura
928 1913 1005 1986 in
1056 1914 1311 1987 orbem
1362 1937 1767 1986 concavum
1819 1913 2161 1998 conflata,
2215 1936 2434 2008 quam

361 2023 439 2095 in
492 2025 813 2121 planum.
917 2025 1112 2098 Nam
1170 2025 1248 2097 in
1306 2025 1516 2098 lineis
1578 2025 2078 2115 circularibuS,
2143 2026 2338 2098 actio
2392 2049 2438 2098 a

363 2138 691 2233 quolibet
731 2150 1009 2233 puncto
1055 2137 1414 2234 incipiens
1465 2138 1749 2210 nullum
1799 2138 2024 2211 habet
2074 2162 2436 2235 propaga-

362 2250 585 2323 tionis
630 2251 854 2324 finem
904 2275 950 2323 a
987 2251 1227 2346 figura
1278 2251 1796 2346 praestitutum,
1856 2251 2029 2346 quia
2087 2251 2302 2341 linea,
2358 2253 2436 2325 in

364 2387 510 2459 qua
542 2374 1016 2460 propagatur,
1052 2362 1245 2436 redit
1290 2386 1541 2435 rursus
1576 2363 1673 2435 ad
1710 2363 2177 2460 principium,
2214 2365 2319 2438 ita
2350 2378 2437 2439 ut

362 2501 495 2573 per
527 2479 841 2574 figuram
883 2501 1035 2550 non
1078 2486 1246 2567 stet,
1303 2476 1480 2574 quin
1534 2490 1779 2550 motus
1833 2478 2252 2575 progressio
2305 2480 2439 2553 fiat

364 2592 674 2665 infinita.
777 2592 879 2664 At
911 2591 989 2664 in
1022 2591 1266 2687 plano,
1306 2592 1653 2688 progredi
1701 2592 1896 2664 actio
1949 2591 2237 2688 longius
2284 2616 2438 2664 non

364 2714 630 2802 potest,
693 2728 911 2801 quam
980 2715 1092 2777 est
1146 2704 1359 2776 lineae
1425 2715 1650 2777 rectae
1715 2703 1929 2776 finita
1980 2704 2435 2800 magnitudo.

364 2818 745 2891 Existente
808 2841 985 2913 ergo
1043 2816 1372 2913 corporis
1424 2817 1749 2912 percussi
1800 2817 2056 2890 eadem
2108 2817 2436 2905 materia,

365 2942 613 3004 motus
664 2930 982 3027 partium
1045 2930 1245 3004 orbis
1300 2930 1460 3003 cavi
1521 2930 1938 3004 diuturnior
1998 2931 2163 3020 erit,
2219 2954 2439 3027 quam

365 3044 688 3139 partium
718 3043 941 3140 plani.
1482 3126 1485 3127 ⁷

469 3159 681 3247 Item,
767 3158 828 3230 si
913 3155 1191 3230 chorda
1272 3168 1485 3230 tensa
1551 3156 1645 3229 ab
1727 3167 2041 3250 utroque
2124 3155 2437 3228 termino

369 3270 659 3365 corpori
695 3294 875 3343 cavo
911 3270 1128 3343 affixa
1160 3269 1259 3342 sit
1293 3281 1370 3342 et
1401 3293 1771 3365 percussa,
1836 3268 2112 3341 diutius
2147 3268 2438 3341 sonabit

371 3405 590 3477 quam
645 3405 799 3456 non
865 3384 1102 3455 affixa.
1234 3382 1632 3477 Propterea
1699 3381 1899 3478 quod
1953 3392 2229 3453 tremor
2288 3380 2437 3453 sive

369 3495 851 3591 reciprocatio
899 3494 1025 3568 illa
1057 3519 1420 3591 percussae
1474 3495 1794 3584 chordae,
1845 3495 2212 3567 mediante
2263 3517 2438 3566 con-

370 3608 707 3695 nexione,
764 3607 987 3679 etiam
1045 3607 1183 3703 ipsi
1245 3631 1425 3680 cavo
1484 3608 1775 3702 corpori
1831 3606 2434 3679 communicatur.

374 3721 446 3793 Is
478 3731 724 3793 autem
759 3731 1033 3792 tremor
1067 3719 1359 3815 corpori
1394 3744 1574 3793 cavo
1612 3731 1688 3792 et
1720 3743 1986 3815 magno
2023 3720 2437 3815 impressuS,

373 3832 646 3906 diutius
680 3832 974 3906 durabit
1005 3844 1307 3928 propter
1339 3831 1969 3928 magnitudinem;
2024 3856 2273 3927 quare,
2307 3856 2440 3929 per

374 3945 593 4019 modo
629 3958 946 4034 ostensa,
984 3944 1260 4018 diutius
1296 3945 1611 4018 sonabit.

472 4066 545 4132 9.
599 4058 983 4154 Contingit
1041 4069 1287 4130 autem
1336 4057 1413 4129 in
1471 4056 1754 4146 auditu,
1809 4056 2024 4130 aliter
2083 4081 2303 4154 quam
2361 4058 2440 4131 in
2466 4087 2720 4138 Quomodo

373 4172 557 4260 visu,
626 4182 714 4245 ut
779 4171 974 4244 actio
1044 4170 1266 4244 medii
1334 4194 1380 4242 a
1448 4180 1669 4243 vento
1754 4169 2074 4243 secundo
2147 4170 2439 4265 quidem
2464 4153 2805 4282 ζῗᾞρξέιΐξ

371 4285 661 4371 fortior,
696 4283 789 4357 ab
824 4284 1131 4357 adverso
1181 4282 1490 4356 debilior
1532 4283 1687 4355 fiat.
1791 4282 2016 4379 Cujus
2066 4283 2170 4355 rei
2222 4307 2442 4357 causa
2465 4292 2606 4332 ”¹¹¹⁰
2629 4290 2797 4345 imm·

375 4422 525 4471 non
582 4397 872 4471 videtur
925 4394 1218 4469 aliunde
1277 4418 1435 4468 esse
1488 4418 1726 4491 posse,
1790 4420 2011 4492 quam
2055 4420 2101 4468 a
2150 4397 2311 4470 soni
2364 4411 2440 4470 et

2027 4529 2077 4579 n
2105 4530 2156 4580 n
2193 4518 2237 4581 2
