3182 5102
670 496 776 548 DE
817 497 1055 564 LUCE,
1095 497 1441 563 CALORE,
1482 497 1580 546 ET
1620 496 2110 549 COLORIBUS.
2285 486 2428 561 373

365 677 637 738 nantur
691 691 849 740 esse
901 667 1172 763 partim
1238 666 1463 755 durae,
1526 667 1797 762 partim
1851 690 2125 762 aqueae,
2160 666 2427 762 partim
2508 674 2676 790 ΡΑξῚὸ
2710 675 2788 724 ¹V·

366 777 727 851 aethereae.
832 780 928 852 Et
963 778 1165 851 durae
1202 778 1497 874 quidem
1531 779 1804 874 figuras
1835 779 2155 852 habeant
2189 778 2426 875 sphae-
2511 773 2756 843 »ὴὲ-ν

363 889 514 963 rice
571 880 811 981 cavaS,
848 893 1039 965 sicut
1071 892 1390 980 bullulae,
1429 892 1534 964 ita
1582 906 1670 965 ut
1715 894 1965 966 multae
2018 893 2232 965 simul
2259 918 2426 989 par-

361 1003 610 1077 ticulae
651 1019 1015 1079 concretae
1070 1029 1383 1078 massam
1441 1007 1901 1079 constituant
1955 1029 2425 1079 cavernosam

361 1117 795 1213 plenamque
830 1119 1241 1192 substantia
1278 1142 1528 1215 ‚aquea
1578 1119 1696 1192 vel
1744 1143 1976 1207 aerea,
2006 1119 2121 1192 vel
2156 1119 2422 1215 partim

363 1253 530 1319 una,
566 1231 834 1327 partim
868 1232 1121 1304 altera.
1176 1231 1538 1304 Discussis
1574 1256 1752 1327 ergo
1787 1232 2165 1328 particulis
2196 1231 2420 1319 duris,

360 1354 607 1437 partes
634 1368 885 1439 aqueae
921 1358 997 1415 et
1044 1368 1276 1417 aereae
1309 1344 1719 1416 necessario
1757 1344 2153 1417 evolabunt
2184 1375 2202 1422 ς
2258 1369 2424 1417 evo-

360 1455 594 1529 lantes
649 1468 896 1529 autem
949 1457 1359 1529 necessario
1421 1457 1813 1529 carbonem
1868 1457 2180 1553 ignitum
2238 1458 2422 1529 mix-

361 1581 663 1664 tumque
685 1569 988 1666 sulphur
1012 1570 1306 1642 fortiter
1326 1569 1718 1641 sufflabunt
1743 1600 1761 1652 ;
1800 1592 1944 1664 quo
1966 1567 2189 1655 fact0,
2212 1569 2421 1642 valde

359 1675 673 1778 expandi
725 1684 987 1771 lucem,
1041 1684 1407 1755 flammam
1439 1682 1911 1755 vehementer
1960 1681 2418 1770 candescere,

359 1795 896 1892 particulasque
930 1795 1107 1868 nitri
1143 1795 1509 1891 sulphuris
1545 1808 1618 1866 et
1674 1793 2010 1867 carbonis
2044 1795 2420 1867 violentis-

359 1907 538 1980 sime
574 1909 906 2004 dissipari
942 1921 1053 1981 est
1086 1909 1597 1980 necessarium.
1698 1906 1984 1978 Virium
2032 1931 2208 2003 ergo
2264 1909 2422 2003 pul-

359 2022 548 2094 veris
659 2022 1117 2094 tormentarii
1221 2021 1500 2093 incensi
1595 2042 1888 2091 causam
1973 2020 2420 2093 reddidimus

359 2134 800 2230 possibilem.

459 2249 787 2343 Apparet
836 2259 1080 2320 autem
1123 2247 1298 2318 hinc
1350 2270 1497 2318 non
1550 2269 1848 2318 necesse
1901 2269 2080 2333 esse,
2135 2245 2229 2317 ad
2262 2246 2423 2318 red-

360 2360 674 2433 dendam
711 2385 1003 2433 causam
1040 2383 1264 2455 quare
1318 2359 1657 2454 globulus
1708 2359 2095 2455 plumbeus
2124 2358 2241 2431 vel
2276 2359 2421 2431 fer-

360 2497 527 2546 reus
551 2485 701 2546 tam
723 2474 1071 2546 velociter
1094 2497 1184 2545 ex
1211 2496 1491 2546 canone
1512 2471 1937 2544 bombardae
1964 2472 2419 2562 extrudatur,

359 2600 445 2660 ut
479 2589 918 2661 advocemus
952 2587 1508 2660 rarefactionem
1560 2586 1806 2674 talem,
1864 2586 2152 2681 qualem
2203 2586 2422 2681 vulgo

359 2701 743 2790 definiunt,
799 2725 1062 2797 nempe
1118 2699 1606 2795 quantitatem
1668 2699 1745 2770 in
1801 2697 2055 2770 eadem
2115 2698 2424 2770 materia

360 2814 579 2887 modo
626 2816 976 2909 majorem
1031 2812 1252 2885 modo
1312 2812 1695 2899 minorem,
1752 2809 1952 2906 quod
2003 2823 2116 2883 est
2151 2810 2424 2905 incogi-

359 2927 604 3000 tabile.
659 2927 987 2999 Dicimus
1023 2927 1219 2998 enim
1251 2927 1603 3020 majorem
1640 2924 1753 2997 vel
1781 2924 2137 2996 minorem
2165 2948 2423 2995 unam-

359 3065 726 3137 quamque
787 3065 966 3130 rem,
1021 3052 1245 3135 prout
1303 3040 1655 3133 majorem
1717 3037 2167 3109 minoremve
2201 3036 2421 3109 habet

360 3156 872 3250 quantitatem.
957 3153 1347 3240 Violentia,
1384 3176 1528 3248 qua
1550 3150 1965 3223 extruditur
1991 3174 2030 3222 e
2052 3161 2420 3222 tormento

358 3267 644 3363 globuS,
681 3266 1017 3362 procedit
1070 3290 1115 3337 a
1169 3265 1554 3337 velocitate
1608 3262 2130 3359 particularum
2183 3263 2416 3334 minu-

360 3379 801 3450 tissimarum
857 3378 1287 3450 inflammati
1342 3377 1683 3473 pulveriS,
1744 3376 1861 3448 vel
1915 3388 2114 3447 certe
2163 3399 2420 3472 proce-

361 3491 535 3564 dere
570 3492 660 3563 ab
691 3515 778 3563 ea
811 3514 1031 3563 causa
1056 3503 1326 3585 potest,
1383 3514 1519 3561 nec
1571 3501 1818 3561 tamen
1866 3500 1950 3560 ut
2002 3487 2190 3560 ullus
2249 3512 2419 3583 sup-

356 3610 675 3699 ponatur
708 3604 911 3676 locus
944 3627 1235 3675 vacuus.

468 3726 578 3789 ll.
632 3716 998 3788 Praeterea
1048 3739 1136 3787 ex
1192 3714 1452 3786 attritu
1508 3713 1821 3785 duorum
1868 3712 2283 3810 corporum,
2334 3727 2418 3788 ut
2441 3721 2585 3833 §5¹01
2597 3725 2831 3836 qao-modo

357 3829 538 3924 ligni
606 3840 866 3901 contra
930 3827 1233 3922 lignum,
1304 3850 1455 3898 non
1517 3826 1735 3898 modo
1792 3826 2050 3900 caloris
2107 3827 2418 3922 gradum
2520 3802 2626 3835 ³¹⁸
2664 3799 2802 3839 ‘¹⁰²⁰'

356 3942 674 4037 aliquem
728 3941 1068 4037 generari
1121 3939 1555 4036 experimur,
1612 3939 1742 4011 sed
1796 3952 1871 4012 et
1914 3940 2182 4035 ignem.
2283 3941 2417 4013 Est

357 4055 552 4128 enim
585 4066 828 4127 motus
855 4053 1000 4141 ille,
1027 4052 1423 4149 pressionis
1458 4051 1679 4124 modo
1715 4052 1792 4125 in
1820 4054 2031 4141 hanc,
2087 4053 2303 4125 modo
2338 4053 2413 4125 in

354 4168 554 4240 illam
588 4179 879 4264 partem
913 4165 1395 4262 reciprocatio
1427 4191 1445 4249 ;
1499 4189 1587 4237 ex
1618 4188 1761 4260 quo
1782 4179 1986 4239 motu
2006 4167 2412 4240 necessario

354 4282 461 4369 fit,
544 4294 627 4352 ut
696 4279 893 4375 quod
954 4280 1031 4351 in
1087 4291 1396 4375 utroque
1449 4279 1652 4375 ligno
1722 4279 2118 4353 includitur
2182 4280 2408 4369 fluidi,

356 4394 576 4468 modo
611 4394 778 4483 huc,
819 4392 1033 4465 modo
1070 4393 1239 4466 illuc
1276 4385 1728 4466 distrahatur
1760 4425 1778 4477 ;
1832 4407 1929 4484 et,
1981 4418 2112 4490 per
2162 4419 2412 4468 conse-
