3182 5102
965 546 1133 591 πται
1168 545 1535 591 nominum
1567 543 1989 590 Auernum.
2455 525 2548 589 lxi

381 711 791 789 indixerunt3
864 712 1220 801 scriptaque
1277 734 1707 799 saepenumero
1763 711 2030 777 flammis
2080 723 2547 798 prosequentes,

382 862 478 912 tot
492 846 797 933 praeclara
817 848 1075 914 senioris
1093 849 1212 915 aevi
1233 861 1642 914 monumenta
1657 847 1984 917 latrocinio
2001 846 2273 934 quodam
2289 848 2551 933 posteris

383 984 844 1070 surripuerunt.
940 983 1066 1050 Sed
1107 999 1434 1072 provectus
1478 985 1647 1050 ultra
1690 1007 1880 1072 quam
1913 1006 2030 1071 par
2073 998 2189 1061 est,
2242 983 2325 1049 ad
2373 983 2554 1047 insti-

385 1134 597 1185 tutum
624 1119 836 1186 redeo.

474 1255 883 1322 Consuetudo
938 1258 992 1342 ej
1001 1280 1072 1322 us
1120 1272 1194 1323 ut
1249 1257 1587 1345 prodesset,
1640 1259 1975 1344 conjuncta
2029 1278 2243 1321 rerum
2287 1255 2552 1342 ponderi

385 1393 689 1458 sermonis
726 1394 1017 1481 gravitas,
1064 1409 1137 1459 ut
1177 1395 1533 1473 delectaret,
1580 1394 1821 1460 facetiae
1871 1393 2231 1459 effecerunt.
2324 1393 2402 1457 In
2454 1416 2553 1459 re-

386 1530 628 1617 sponsis
669 1545 897 1596 natura
938 1532 1095 1597 mire
1129 1546 1472 1618 promptus,
1503 1531 1782 1618 alioquin
1811 1553 1891 1595 ex
1923 1530 2161 1617 judicio
2191 1528 2273 1595 ad
2317 1529 2554 1594 delibe-

386 1665 681 1744 randum,
705 1667 851 1746 sive,
884 1681 955 1731 ut
983 1668 1112 1754 ipse
1140 1667 1362 1732 maluit
1388 1667 1618 1744 dicere,
1651 1667 2165 1753 computandum,
2187 1665 2553 1752 propensior

389 1802 528 1868 fuit.
619 1804 854 1868 Animo
881 1821 1133 1891 apertus
1160 1828 1233 1870 ac
1278 1805 1562 1892 simplex,
1594 1804 1746 1870 alios
1774 1803 2127 1870 instruendi
2156 1802 2438 1890 cupidus,
2469 1800 2553 1866 ad

388 1954 727 2026 conceptus
752 1941 948 2005 animi
989 1941 1433 2028 impertiendos
1476 1940 1823 2006 facillimus.
1914 1941 2229 2008 Omnibus
2269 1938 2461 2004 comis
2488 1951 2554 2002 et

388 2090 771 2154 mansuetus,
803 2077 924 2142 nisi
951 2076 1158 2142 forsan
1188 2077 1407 2143 novitii
1430 2075 1645 2165 aliqui,
1679 2078 1917 2166 ingenii
1944 2074 2300 2143 ostentandi
2327 2074 2548 2162 gratia,

391 2212 626 2279 frivolis
653 2214 857 2300 ipsum
886 2213 1333 2300 quaestionibus
1361 2227 1427 2278 et
1447 2212 1681 2279 cavillis
1703 2228 2085 2301 torquerent.
2132 2211 2212 2276 In
2235 2210 2553 2275 neminem

392 2348 673 2414 invectus
701 2363 813 2427 est,
839 2349 958 2414 nisi
987 2351 1097 2436 qui
1122 2350 1287 2416 laesit
1312 2351 1503 2438 prius.
1598 2350 1871 2416 Suarum
1900 2350 2156 2438 quidem
2184 2347 2552 2435 opinionum

394 2484 513 2550 fuit
541 2486 818 2551 tenacior
844 2485 1051 2573 paulo.

482 2622 819 2712 Ingenium
867 2638 1088 2689 nactus
1136 2637 1231 2688 est
1275 2623 1357 2690 ad
1399 2624 1611 2689 omnia
1652 2638 1891 2702 natum,
1937 2640 2127 2713 atque
2168 2623 2547 2700 institutum,

395 2759 699 2847 quicquid
725 2775 1102 2838 occurreret,
1127 2761 1464 2847 perspicaci
1497 2760 1740 2846 judicio
1781 2760 2258 2826 animadvertit:
2304 2760 2552 2824 animus

394 2894 486 2959 illi
515 2894 819 2961 indefesse
849 2895 1344 2983 cogitabundus:
1390 2897 1746 2984 cuicunque
1773 2920 1839 2961 se
1865 2897 2112 2962 addixit
2152 2897 2451 2974 materiae,
2483 2896 2551 2960 in

393 3054 471 3097 ea
492 3032 977 3119 pertinacissime
995 3046 1271 3097 versatus
1294 3050 1407 3098 est.
1455 3033 1718 3098 Illorum
1741 3034 2053 3122 ignaviam
2075 3034 2414 3099 detestatus
2436 3048 2548 3111 est,

395 3170 527 3258 qui,
579 3192 746 3235 eaeca
789 3170 1156 3235 credulitate
1191 3170 1334 3236 solis
1361 3171 1637 3258 partium
1665 3193 1919 3236 suarum
1946 3172 2265 3258 principiis
2293 3170 2548 3249 astricti,

395 3329 524 3372 non
540 3307 834 3371 lubenter
855 3307 1066 3372 ferunt
1081 3306 1232 3372 alios
1251 3307 1417 3373 ultra
1432 3329 1726 3386 carceres,
1742 3308 1969 3394 quibus
1987 3307 2103 3394 ipsi
2128 3307 2546 3386 continentur,

394 3442 668 3529 prodire,
727 3456 792 3507 et
828 3465 1055 3508 arcana
1097 3465 1308 3508 rerum
1355 3443 1648 3531 mysteria
1686 3444 2091 3531 penetrandO,
2143 3443 2549 3532 philosophiae

393 3576 623 3641 limites
648 3599 1011 3666 propagare.

482 3715 705 3780 Lectio
732 3717 866 3802 ejus
894 3738 1008 3802 pro
1038 3730 1212 3782 tanto
1251 3716 1453 3782 aetatis
1493 3718 1762 3783 decursu
1790 3741 1918 3784 non
1949 3742 2214 3807 magna3
2257 3719 2550 3786 authores

396 3853 683 3918 versabat
731 3873 985 3938 paucos,
1040 3852 1150 3918 sed
1196 3867 1405 3919 tamen
1456 3855 1742 3940 optimos·
1833 3855 2168 3934 Homerus,
2223 3857 2546 3945 Virgilius,

398 3989 823 4077 ThucydideS,
849 3985 1160 4068 Euclides,
1186 3989 1276 4053 illi
1299 3991 1365 4054 in
1387 3990 1623 4056 deliciis
1644 4006 1841 4057 erant.
1889 3992 2221 4081 Ingentem
2244 3994 2549 4060 librorum

394 4125 859 4214 supellectilem,
915 4148 1040 4212 qua
1088 4127 1461 4213 superbiunt
1506 4128 1924 4207 bibliothecae,
1964 4153 2094 4195 non
2121 4131 2335 4218 magni
2381 4131 2545 4210 fecit,

396 4287 535 4330 cum
566 4262 860 4329 mortales
902 4263 1272 4351 plerumque
1314 4287 1611 4352 pecorum
1655 4266 1781 4330 ritu
1823 4267 2328 4333 antecedentium
2370 4268 2550 4334 insis-

399 4413 595 4464 tentes
641 4398 936 4486 vestigiis,
991 4400 1096 4463 vix
1146 4407 1325 4465 ext'ra
1375 4400 1550 4466 tritas
1601 4400 1785 4466 calles
1835 4416 1899 4466 et
1951 4404 2199 4469 semitas
2249 4405 2331 4469 ab
2383 4405 2548 4491 ipsis,

400 4559 662 4624 quorum
738 4536 957 4603 tutelae
1014 4553 1078 4602 et
1133 4538 1424 4625 regimini
1493 4539 1778 4616 subsunt,
1851 4541 2230 4626 praestitutas
2304 4543 2551 4628 evagari
