3182 5102
766 438 908 506 402
1597 454 1976 509 Pursch.

401 624 571 675 PARS
603 626 689 677 W·
765 645 806 693 e
840 620 1187 694 cathedra
1217 621 1609 718 profertur,
1631 623 1764 695 etsi
1800 621 2190 695 cameratio
2222 644 2461 717 neque
2496 618 2819 714 elliptica

504 693 565 741 29

414 724 690 800 -4-—ae
766 757 999 830 neque
1062 735 1480 829 parabolica
1544 736 1662 826 sit,
1731 747 1978 809 tamen
2039 736 2209 831 quia
2265 759 2311 807 a
2376 732 2504 808 tali
2580 734 2818 828 figura

767 871 916 920 non
979 848 1196 943 longe
1278 847 1507 938 abest,
1593 872 1742 921 non
1818 862 1972 921 tam
2059 848 2498 922 articulatim
2595 870 2816 942 quam

769 959 1039 1056 absque
1099 962 1584 1035 cameratione
1645 963 2026 1035 sentietur.

869 1081 936 1147 8.
990 1074 1201 1147 Circa
1233 1098 1578 1148 sonorum
1614 1076 2182 1171 aequabilitatem
2225 1086 2301 1147 et
2334 1073 2815 1159 durationem,

550 1229 582 1261 n
615 1229 657 1261 e.
771 1210 1078 1282 quarum
1111 1210 1331 1260 causa
1362 1191 1766 1263 communis
1810 1199 1942 1278 est,
1979 1189 2363 1261 observare
2408 1208 2816 1283 possumuS,

771 1300 967 1397 quod
1012 1323 1322 1395 corpora
1366 1300 1513 1390 illa,
1568 1325 1732 1397 quae
1787 1323 2129 1396 percussa
2186 1323 2447 1373 sonum
2497 1297 2820 1392 inaequa-

769 1415 989 1487 bilem
1009 1437 1138 1487 seu
1157 1437 1493 1509 asperum
1520 1413 1860 1504 reddunt,
1880 1424 2050 1485 sunt
2073 1411 2283 1486 valde
2306 1413 2816 1506 heterogenea,

774 1527 850 1602 id
908 1538 1041 1612 est,
1089 1550 1179 1599 ex
1236 1527 1608 1622 particulis
1662 1526 2076 1599 constantia
2124 1538 2285 1599 tum
2336 1526 2595 1621 figura,
2660 1534 2818 1595 tum

775 1640 1035 1713 duritie
1069 1638 1579 1723 dissimilibus;
1633 1638 1875 1734 qualia
1906 1649 2077 1711 sunt
2121 1637 2343 1733 ligna,
2395 1661 2592 1726 saxa,
2644 1636 2818 1709 alia-

775 1776 916 1849 que
965 1775 1114 1824 non
1170 1774 1425 1847 pauca.
1541 1753 1823 1848 Itaque,
1880 1752 2172 1848 quando
2233 1764 2403 1825 sunt
2454 1774 2819 1847 percussa,

775 1889 1027 1939 eorum
1080 1865 1457 1960 particulae
1510 1866 1793 1939 interne
1844 1867 2363 1939 concutiuntur
2417 1866 2709 1963 quidem
2748 1876 2824 1938 et

774 2003 1022 2053 rursus
1059 2002 1136 2050 se
1181 1980 1620 2063 restituunt;
1673 1990 1956 2052 motum
2001 1992 2248 2052 autem
2299 2004 2445 2052 non
2495 1979 2824 2053 similiter

777 2092 1153 2187 recipiunt,
1179 2115 1420 2188 neque
1452 2091 1528 2164 in
1564 2090 1976 2165 seinvicem
2012 2092 2269 2164 eodem
2297 2092 2514 2165 modo
2549 2104 2822 2188 agunt3

780 2204 907 2277 sed
941 2205 1114 2277 dum
1147 2204 1307 2277 aliae
1341 2205 1433 2277 ab
1467 2204 1619 2276 ictu
1654 2204 2006 2293 resiliunt,
2043 2206 2225 2294 aliae,
2261 2230 2422 2302 quae
2465 2208 2619 2302 jam
2652 2218 2823 2278 ante

780 2317 1229 2407 resiluerant,
1296 2318 1629 2407 redeunt,
1691 2330 1765 2391 et
1830 2319 2134 2414 proinde
2200 2343 2277 2392 se
2343 2336 2598 2393 mutuo
2665 2318 2825 2391 aliae

781 2431 955 2504 alias
987 2431 1196 2503 aliter
1234 2431 1523 2503 sistunt.
1627 2430 2007 2527 Contingit
2055 2431 2227 2503 hinc
2275 2455 2425 2504 non
2474 2431 2692 2504 modo
2741 2442 2828 2502 ut

782 2556 1024 2619 motus
1083 2545 1213 2618 fiat
1276 2543 1727 2641 inaequabilis
1780 2545 1929 2618 sive
1983 2568 2218 2641 asper,
2279 2544 2406 2619 sed
2460 2546 2681 2618 etiam
2746 2555 2827 2616 ut

782 2657 1259 2754 reciprocatio
1295 2657 1419 2730 illa
1451 2658 1763 2730 itionum
1796 2669 1873 2730 et
1920 2657 2361 2731 reditionum
2412 2659 2560 2732 cito
2595 2658 2828 2731 extin-

782 2784 1070 2868 guatur.
1207 2770 1519 2850 Quando
1604 2795 1777 2868 ergo
1860 2782 2104 2844 motus
2184 2772 2322 2845 iste
2404 2772 2500 2844 ad
2580 2794 2828 2845 aurem

783 2895 1248 2980 propagatur,
1283 2907 1503 2956 sonus
1536 2884 1781 2971 etiam,
1823 2884 1993 2956 inde
2026 2897 2436 2979 generatuS,
2488 2896 2563 2957 et
2593 2884 2830 2957 brevis

787 2997 926 3070 erit
958 3007 1031 3069 et
1063 2995 1537 3090 inaequabiIiS.
1641 2996 1938 3084 Contra,
1989 2997 2050 3068 si
2101 3021 2363 3093 corpus
2409 3021 2829 3094 percussum

785 3132 935 3182 non
968 3102 1185 3181 modo
1220 3108 1394 3180 satis
1428 3108 1692 3180 durum
1726 3109 1842 3197 sit,
1895 3110 2023 3182 sed
2069 3111 2288 3183 etiam
2334 3112 2707 3207 particulae
2738 3135 2830 3184 ex

788 3223 1046 3319 quibus
1108 3233 1398 3293 constat
1460 3233 1618 3294 tum
1673 3221 1963 3312 duritie,
2030 3236 2187 3296 tum
2231 3226 2469 3320 figura
2516 3225 2707 3298 inter
2754 3247 2829 3298 se

789 3336 937 3408 sint
994 3333 1284 3421 similes,
1327 3343 1412 3406 ut
1460 3336 1547 3406 fit
1597 3335 1674 3406 in
1706 3335 1896 3409 vitro
1949 3346 2024 3409 et
2081 3337 2394 3410 metallis
2449 3362 2614 3434 quae
2664 3349 2832 3434 post

787 3447 1371 3544 liquefactionem
1396 3446 1805 3534 induruere,
1829 3472 2047 3522 sonus
2067 3450 2218 3537 fiet,
2239 3462 2543 3546 propter
2571 3451 2831 3524 itiones

790 3571 866 3633 et
924 3561 1315 3633 reditiones
1376 3561 1644 3634 similes
1699 3574 1775 3634 et
1827 3561 2249 3652 uniformes,
2318 3564 2692 3660 aequabilis
2757 3575 2833 3636 et

793 3698 1162 3756 amoenus;
1214 3673 1545 3769 idemque
1584 3698 1718 3770 pro
1763 3676 2263 3771 magnitudine
2315 3677 2639 3773 corporis
2668 3702 2832 3773 per-

794 3787 981 3860 cussi
1010 3787 1239 3882 magis
1272 3786 1597 3859 minusve
1632 3786 2041 3860 diuturnus.
2123 3789 2366 3863 Quare
2400 3791 2560 3861 soni
2592 3813 2833 3885 aequa-

793 3901 957 3973 bilis
1007 3910 1083 3972 et
1134 3900 1393 3995 asperi,
1454 3900 1695 3973 brevis
1751 3911 1825 3973 et
1885 3900 2145 3974 diutini
2200 3927 2415 3975 causa
2470 3903 2831 3999 possibilis

790 4036 942 4084 11118
993 4010 1392 4108 eademque
1446 4035 1599 4084 esse
1654 4023 1923 4107 potest,
1985 4014 2310 4108 corporis
2359 4039 2618 4088 sonum
2668 4015 2832 4090 red-

797 4124 1033 4196 dentis
1098 4124 1414 4219 partium
1479 4123 1932 4196 internarum
1996 4137 2153 4198 tum
2222 4127 2465 4222 quoad
2525 4130 2834 4225 figuram

794 4247 955 4310 tum
987 4236 1228 4332 quoad
1260 4236 1600 4309 duritiem
1634 4236 2027 4310 similitudo
2062 4250 2138 4311 et
2171 4238 2697 4314 dissimilitudo,

894 4347 1273 4438 Praeterea‚
1300 4349 1362 4422 si
1393 4349 1666 4421 fuerint
1699 4349 1842 4423 duo
1878 4374 2185 4445 corpora
2206 4350 2426 4448 plana
2456 4377 2545 4427 ex
2577 4353 2831 4426 eadem
