3182 5102
411 649 494 699 ΡΑ
504 650 583 698 Rs
613 651 696 699 lv.

518 718 600 763 30.

438 781 668 815 Nar-vv

391 855 699 906 Quantalibet

392 920 544 968 moles
586 936 685 968 cor-

773 462 917 527 420
1608 476 1989 529 ansmA.

773 656 953 729 Dico
1008 638 1271 750 corpus
1324 655 1384 727 E
1414 656 1469 727 F
1490 656 1552 728 G
1580 658 1650 729 H
1716 656 2233 729 descensurum
2291 677 2441 727 non
2508 676 2662 725 esse
2730 651 2832 725 ad

772 766 1077 841 fundum
1113 769 1179 841 D
1205 768 1281 840 C.
1388 768 1572 841 Cum
1608 770 1802 842 enim
1837 769 2144 842 materia
2175 768 2500 864 eorporis
2535 766 2828 838 EFGH

776 881 1014 953 minus
1072 882 1312 977 gravis
1367 882 1461 954 sit
1528 907 1746 978 quam
1799 907 2010 978 aqua,
2081 883 2141 955 si
2208 892 2446 954 totum
2512 880 2834 976 spatium

389 986 754 1049 P⁰fi⁸⁸q¹¹⁸20w
778 1005 987 1065 extra
1022 995 1086 1066 A
1111 994 1169 1065 Β
1193 995 1251 1067 C
1278 995 1344 1067 D
1405 1008 1594 1068 esset
1639 996 1937 1091 plenum
1991 1020 2224 1092 aquae,
2272 1018 2440 1091 pars
2506 994 2835 1089 eorporis

376 2587 627 2636 Quomodo
649 2586 730 2650 fiet

374 2717 422 2764 in
443 2716 593 2763 altum
616 2717 723 2763 sub-

374 2781 469 2829 lata
534 2783 562 2826 b
594 2797 699 2829 acre

371 2799 650 2909 expeliatur.

776 1107 1061 1178 EFGH
1099 1107 1361 1203 aliqua,
1391 1120 1570 1204 puta
1601 1109 1662 1180 E
1686 1109 1741 1180 F
1768 1109 1801 1180 Ι
1827 1110 1919 1198 K,
1956 1119 2239 1183 extaret
2267 1131 2486 1203 supra
2519 1130 2833 1201 aquam;

778 1233 853 1292 et
896 1221 1182 1316 pondus
1226 1245 1458 1316 aquae,
1503 1247 1721 1317 quam
1774 1234 2067 1318 caperet
2126 1221 2438 1317 spatium
2489 1220 2612 1293 IG
2636 1220 2705 1291 H
2737 1219 2834 1307 K,

779 1333 1055 1428 aequale
1091 1345 1281 1406 esset
1322 1335 1630 1430 ponderi
1681 1336 1904 1408 totius
1957 1335 2284 1431 corporis
2330 1336 2390 1406 E
2424 1334 2561 1407 FG
2585 1334 2654 1405 H
2687 1365 2705 1416 ;
2759 1344 2839 1405 et

776 1445 1080 1541 proinde
1117 1448 1180 1521 G
1204 1448 1273 1520 H
1333 1472 1479 1520 non
1535 1461 1870 1545 tangeret
1923 1449 2231 1521 fundum
2291 1449 2356 1521 D
2383 1449 2464 1521 C.
2568 1448 2836 1520 Utrum

777 1571 1019 1632 autem
1050 1561 1281 1633 latera
1312 1562 1501 1634 vasis
1535 1562 1721 1635 dura
1754 1562 1900 1635 sint
1933 1586 2025 1634 an
2053 1562 2301 1643 fluida,
2345 1560 2526 1633 nihil
2562 1559 2787 1632 refert
2813 1590 2836 1642 ;

780 1673 1179 1746 inserviunt
1247 1674 1441 1746 enim
1526 1674 1979 1747 solummodo
2065 1674 2157 1747 ad
2242 1698 2508 1768 aquam
2588 1673 2839 1744 termi-

781 1787 1121 1875 nandam,
1155 1786 1355 1881 quod
1388 1811 1595 1882 aeque
1629 1789 1714 1860 fit
1748 1789 1840 1860 ab
1877 1812 2068 1884 aqua
2102 1800 2177 1859 et
2211 1788 2302 1859 ab
2338 1787 2481 1859 alia
2514 1786 2840 1883 qualibet

782 1900 1085 1972 materia
1118 1901 1581 1996 quantumvis
1629 1900 1854 1984 dura;
1908 1924 2078 1972 nam
2126 1911 2200 1972 et
2245 1923 2457 1993 aqua,
2512 1923 2673 1994 quae
2724 1911 2841 1971 est

784 2023 989 2085 extra
1009 2036 1158 2101 vaS,
1197 2011 1723 2086 determinatur
1747 2012 2040 2100 alicubi,
2074 2025 2157 2084 ut
2185 2013 2486 2085 ulterius
2513 2012 2838 2085 diffluere

783 2150 929 2198 non
956 2126 1205 2221 possit.
1275 2127 1572 2199 Extabit
1607 2151 1781 2223 ergo
1815 2151 1983 2223 pars
2013 2126 2269 2199 EFIK
2306 2150 2525 2221 supra
2548 2149 2838 2220 aquam,

785 2239 1005 2311 etiam
1038 2240 1112 2312 in
1150 2263 1315 2312 vase
1349 2241 1416 2312 A
1437 2240 1503 2312 D
1527 2240 1587 2312 C
1611 2240 1669 2311 Β
1717 2239 2155 2312 conclusam.
2259 2239 2628 2311 Innatabit
2663 2263 2840 2333 ergo

785 2376 1049 2447 corpus
1084 2353 1143 2423 E
1165 2352 1221 2423 F
1243 2352 1306 2425 G
1330 2354 1399 2425 H
1455 2352 1529 2423 in
1565 2376 1756 2447 aqua
1791 2353 1855 2424 A
1879 2352 1941 2424 G
1965 2352 2024 2424 C
2045 2352 2101 2423 F
2153 2352 2792 2448 quantulacunque
2819 2381 2837 2423 ε

785 2465 983 2561 quod
1017 2479 1173 2538 erat
1210 2465 1880 2539 demonstrandum.

886 2587 956 2652 9.
1011 2580 1266 2676 Capite
1313 2581 1657 2653 vicesimo
1705 2592 1932 2668 sext0,
1973 2580 2279 2652 articulo
2328 2591 2612 2676 quartO,
2665 2579 2846 2651 alla-

790 2703 948 2764 tum
1008 2705 1123 2765 est
1188 2694 1284 2765 ad
1347 2694 1804 2789 probandum
1861 2717 2194 2783 vacuum,
2265 2694 2846 2789 experimentum

790 2831 998 2901 aquae
1079 2807 1232 2879 vasi
1317 2807 1638 2897 inclusae,
1708 2832 1894 2903 quae,
1974 2806 2144 2879 dato
2230 2831 2540 2902 superne
2619 2806 2843 2894 exitu,

790 2944 1072 2992 sursum
1133 2920 1418 3016 ejicitur
1483 2920 1693 3016 pulsa
1760 2921 1853 2992 ab
1920 2943 2107 2992 aere.
2213 2920 2587 2994 Quaeritur
2644 2943 2845 3015 ergo,

791 3034 1133 3129 quoniam
1187 3058 1376 3128 aqua
1432 3058 1600 3107 aere
1654 3035 1944 3130 gravior
1997 3045 2127 3122 est,
2165 3032 2527 3128 quomodo
2579 3033 2656 3105 id
2685 3031 2847 3104 fieri

791 3159 1053 3241 potest.
1123 3148 1642 3221 Consideretur
1675 3148 1851 3220 dicti
1887 3147 2144 3242 eapitis
2178 3169 2416 3219 xxvl.
2452 3149 2688 3243 figura
2737 3168 2851 3217 se-

795 3260 1054 3346 cunda,
1090 3261 1215 3333 ubi
1250 3285 1440 3355 aqua
1473 3261 1547 3332 in
1569 3251 1882 3356 spatium
1918 3259 1973 3330 F
1994 3259 2057 3332 G
2080 3261 2140 3331 Β
2174 3284 2441 3355 magna
2471 3260 2544 3332 vi
2579 3260 2849 3355 injecta

794 3387 950 3445 erat
981 3397 1114 3468 per
1147 3373 1568 3468 syphonem.
1674 3373 1758 3445 In
1782 3397 1869 3445 ea
1898 3373 2314 3468 injectione,
2342 3397 2475 3469 per
2505 3373 2848 3468 injectam

795 3510 1055 3580 aquam
1082 3509 1206 3557 aer
1240 3485 1434 3557 inter
1465 3485 1808 3583 syphonis
1841 3485 2071 3557 latera
2104 3498 2180 3557 et
2207 3486 2571 3558 embolum
2595 3483 2850 3557 eadem

795 3599 868 3669 vi
915 3608 1303 3693 penetrans
1351 3621 1390 3669 e
1426 3622 1596 3671 vase
1649 3598 1893 3687 exivit,
1931 3598 2061 3670 sed
2101 3622 2368 3693 purus:
2424 3597 2852 3694 corpuscula

797 3711 989 3783 enim
1040 3710 1163 3782 illa
1213 3735 1375 3805 quae
1430 3711 1578 3782 aeri
1631 3711 2071 3805 interspersa
2119 3734 2273 3782 esse
2308 3722 2382 3783 et
2428 3722 2631 3782 motu
2680 3710 2850 3783 sim-

798 3825 968 3920 plici
1003 3824 1276 3895 moveri
1311 3835 1480 3896 ante
1516 3823 2049 3918 supposuimuS,
2084 3847 2232 3895 una
2265 3846 2431 3894 cum
2465 3847 2634 3895 aere
2665 3846 2850 3919 puro

797 3950 1182 4033 penetrare
1217 3960 1479 4030 aquam
1508 3960 1657 4008 non
1681 3947 2100 4032 potuerunt.
2204 3936 2583 4008 Manentia
2609 3948 2853 4009 autem

799 4051 1204 4124 necessario
1256 4051 1629 4146 compulsa
1680 4061 1850 4122 sunt
1893 4049 1967 4120 in
2002 4049 2244 4121 locum
2278 4050 2688 4139 arctiorem,
2741 4051 2851 4123 ni-

800 4165 1062 4236 mirum
1096 4163 1172 4235 in
1208 4163 1522 4259 spatium
1558 4161 1755 4257 quod
1787 4172 1897 4234 est
1931 4185 2149 4257 supra
2181 4162 2237 4233 F
2258 4162 2344 4235 G.
2397 4163 2650 4235 Motus
2675 4186 2851 4258 ergo

802 4276 1387 4372 corpusculorum
1421 4276 1661 4348 minus
1694 4276 2076 4370 minusque
2110 4275 2317 4348 liberi
2355 4288 2592 4365 erunt,
2634 4287 2851 4371 prout

803 4391 1030 4483 major
1084 4413 1291 4484 aquae
1351 4389 1559 4486 copia
1615 4401 1723 4462 est
1783 4415 1945 4485 quae
1997 4390 2341 4485 injicitur.
2460 4390 2851 4484 Continget
