<?xml version="1.0" encoding="UTF-8"?>
<!DOCTYPE html PUBLIC "-//W3C//DTD XHTML 1.0 Transitional//EN"
    "http://www.w3.org/TR/xhtml1/DTD/xhtml1-transitional.dtd">
<html xmlns="http://www.w3.org/1999/xhtml" xml:lang="en" lang="en">
 <head>
  <title>
</title>
<meta http-equiv="Content-Type" content="text/html;charset=utf-8" />
  <meta name='ocr-system' content='tesseract 3.04.00' />
  <meta name='ocr-capabilities' content='ocr_page ocr_carea ocr_par ocr_line ocrx_word'/>
</head>
<body>
  <div class='ocr_page' id='page_1' title='image "./thomhobbesmalme03molegoog_0216.png"; bbox 0 0 3182 5102; ppageno 0'>
   <div class='ocr_carea' id='block_1_1' title="bbox 672 463 2258 536">
    <p class='ocr_par' dir='ltr' id='par_1_1' title="bbox 672 463 2258 536">
     <span class='ocr_line' id='line_1_1' title="bbox 672 463 2258 536; baseline 0.004 -8"><span class='ocrx_word' id='word_1_1' title='bbox 672 463 767 529; x_wconf 89' lang='lat'>68</span> <span class='ocrx_word' id='word_1_2' title='bbox 1138 481 1666 534; x_wconf 76' lang='lat' dir='ltr'><strong>COMPUTATIO</strong></span> <span class='ocrx_word' id='word_1_3' title='bbox 1707 484 1895 535; x_wconf 79' lang='lat' dir='ltr'>swE</span> <span class='ocrx_word' id='word_1_4' title='bbox 1935 482 2258 536; x_wconf 83' lang='lat' dir='ltr'><strong>LOGICA.</strong></span> 
     </span>
    </p>
   </div>
   <div class='ocr_carea' id='block_1_2' title="bbox 341 644 2743 1991">
    <p class='ocr_par' dir='ltr' id='par_1_2' title="bbox 341 644 2743 748">
     <span class='ocr_line' id='line_1_2' title="bbox 341 644 2743 748; baseline 0.003 -31"><span class='ocrx_word' id='word_1_5' title='bbox 341 644 514 694; x_wconf 72' lang='lat' dir='ltr'><strong>PARS</strong></span> <span class='ocrx_word' id='word_1_6' title='bbox 550 645 594 698; x_wconf 85' lang='lat'>¹·</span> <span class='ocrx_word' id='word_1_7' title='bbox 674 646 951 719; x_wconf 90' lang='lat' dir='ltr'>tionem</span> <span class='ocrx_word' id='word_1_8' title='bbox 1010 660 1139 721; x_wconf 86' lang='lat' dir='ltr'>aut</span> <span class='ocrx_word' id='word_1_9' title='bbox 1197 649 1741 741; x_wconf 84' lang='lat' dir='ltr'>refractionem,</span> <span class='ocrx_word' id='word_1_10' title='bbox 1803 676 1955 726; x_wconf 91' lang='lat' dir='ltr'>non</span> <span class='ocrx_word' id='word_1_11' title='bbox 2011 653 2153 724; x_wconf 88' lang='lat' dir='ltr'>erit</span> <span class='ocrx_word' id='word_1_12' title='bbox 2214 651 2560 748; x_wconf 90' lang='lat' dir='ltr'>splendor</span> <span class='ocrx_word' id='word_1_13' title='bbox 2620 652 2743 725; x_wconf 92' lang='lat' dir='ltr'>ille</span> 
     </span>
    </p>

    <p class='ocr_par' dir='ltr' id='par_1_3' title="bbox 349 763 2743 1876">
     <span class='ocr_line' id='line_1_3' title="bbox 349 763 2742 861; baseline 0.003 -31"><span class='ocrx_word' id='word_1_14' title='bbox 349 780 595 814; x_wconf 37' lang='grc' dir='ltr'>»ὴν-ἅ</span> <span class='ocrx_word' id='word_1_15' title='bbox 673 784 914 856; x_wconf 93' lang='lat' dir='ltr'>neque</span> <span class='ocrx_word' id='word_1_16' title='bbox 941 784 1300 858; x_wconf 85' lang='lat' dir='ltr'>apparens</span> <span class='ocrx_word' id='word_1_17' title='bbox 1325 763 1451 836; x_wconf 88' lang='lat' dir='ltr'>illa</span> <span class='ocrx_word' id='word_1_18' title='bbox 1476 764 1911 861; x_wconf 81' lang='lat' dir='ltr'>magnitudo</span> <span class='ocrx_word' id='word_1_19' title='bbox 1939 765 2017 837; x_wconf 92' lang='lat' dir='ltr'>in</span> <span class='ocrx_word' id='word_1_20' title='bbox 2043 765 2206 861; x_wconf 88' lang='lat' dir='ltr'>ipso</span> <span class='ocrx_word' id='word_1_21' title='bbox 2233 765 2410 837; x_wconf 87' lang='lat' dir='ltr'>sole.</span> <span class='ocrx_word' id='word_1_22' title='bbox 2480 765 2742 859; x_wconf 87' lang='lat' dir='ltr'>Itaque</span> 
     </span>
     <span class='ocr_line' id='line_1_4' title="bbox 672 874 2742 974; baseline 0.002 -29"><span class='ocrx_word' id='word_1_23' title='bbox 672 895 940 968; x_wconf 89' lang='lat' dir='ltr'>corpus</span> <span class='ocrx_word' id='word_1_24' title='bbox 967 874 1209 947; x_wconf 81' lang='lat' dir='ltr'>solare</span> <span class='ocrx_word' id='word_1_25' title='bbox 1258 899 1410 948; x_wconf 91' lang='lat' dir='ltr'>non</span> <span class='ocrx_word' id='word_1_26' title='bbox 1446 876 1588 950; x_wconf 90' lang='lat' dir='ltr'>erit</span> <span class='ocrx_word' id='word_1_27' title='bbox 1636 877 2046 974; x_wconf 82' lang='lat' dir='ltr'>splendoris</span> <span class='ocrx_word' id='word_1_28' title='bbox 2088 890 2165 950; x_wconf 93' lang='lat' dir='ltr'>et</span> <span class='ocrx_word' id='word_1_29' title='bbox 2212 876 2742 973; x_wconf 75' lang='lat' dir='ltr'>magnitudinis</span> 
     </span>
     <span class='ocr_line' id='line_1_5' title="bbox 671 985 2743 1086; baseline 0.002 -29"><span class='ocrx_word' id='word_1_30' title='bbox 671 985 865 1058; x_wconf 90' lang='lat' dir='ltr'>illius</span> <span class='ocrx_word' id='word_1_31' title='bbox 902 987 1060 1084; x_wconf 87' lang='lat' dir='ltr'>subj</span> <span class='ocrx_word' id='word_1_32' title='bbox 1069 999 1314 1061; x_wconf 85' lang='lat' dir='ltr'>ectum</span> <span class='ocrx_word' id='word_1_33' title='bbox 1345 1020 1363 1072; x_wconf 92' lang='lat'>;</span> <span class='ocrx_word' id='word_1_34' title='bbox 1437 1001 1513 1062; x_wconf 82' lang='lat' dir='ltr'>et</span> <span class='ocrx_word' id='word_1_35' title='bbox 1545 1002 1851 1086; x_wconf 87' lang='lat' dir='ltr'>propter</span> <span class='ocrx_word' id='word_1_36' title='bbox 1886 990 2179 1063; x_wconf 89' lang='lat' dir='ltr'>easdem</span> <span class='ocrx_word' id='word_1_37' title='bbox 2212 989 2536 1063; x_wconf 87' lang='lat' dir='ltr'>rationes</span> <span class='ocrx_word' id='word_1_38' title='bbox 2571 990 2743 1085; x_wconf 87' lang='lat' dir='ltr'>reji-</span> 
     </span>
     <span class='ocr_line' id='line_1_6' title="bbox 671 1098 2741 1199; baseline 0.001 -28"><span class='ocrx_word' id='word_1_39' title='bbox 671 1098 908 1173; x_wconf 88' lang='lat' dir='ltr'>cietur</span> <span class='ocrx_word' id='word_1_40' title='bbox 941 1124 1233 1196; x_wconf 89' lang='lat' dir='ltr'>quoque</span> <span class='ocrx_word' id='word_1_41' title='bbox 1262 1108 1414 1192; x_wconf 70' lang='lat' dir='ltr'>aet,</span> <span class='ocrx_word' id='word_1_42' title='bbox 1443 1103 1754 1198; x_wconf 86' lang='lat' dir='ltr'>aliaque,</span> <span class='ocrx_word' id='word_1_43' title='bbox 1792 1104 2028 1176; x_wconf 91' lang='lat' dir='ltr'>donec</span> <span class='ocrx_word' id='word_1_44' title='bbox 2051 1104 2508 1199; x_wconf 81' lang='lat' dir='ltr'>relinquatur</span> <span class='ocrx_word' id='word_1_45' title='bbox 2532 1102 2741 1192; x_wconf 84' lang='lat' dir='ltr'>nihil,</span> 
     </span>
     <span class='ocr_line' id='line_1_7' title="bbox 675 1213 2740 1312; baseline 0.004 -28"><span class='ocrx_word' id='word_1_46' title='bbox 675 1213 873 1306; x_wconf 92' lang='lat' dir='ltr'>quod</span> <span class='ocrx_word' id='word_1_47' title='bbox 907 1213 1340 1309; x_wconf 82' lang='lat' dir='ltr'>splendoriS‚</span> <span class='ocrx_word' id='word_1_48' title='bbox 1376 1228 1506 1288; x_wconf 89' lang='lat' dir='ltr'>aut</span> <span class='ocrx_word' id='word_1_49' title='bbox 1537 1215 2070 1312; x_wconf 85' lang='lat' dir='ltr'>magnitudinis</span> <span class='ocrx_word' id='word_1_50' title='bbox 2104 1215 2297 1288; x_wconf 88' lang='lat' dir='ltr'>illius</span> <span class='ocrx_word' id='word_1_51' title='bbox 2327 1215 2740 1311; x_wconf 85' lang='lat' dir='ltr'>subjectum</span> 
     </span>
     <span class='ocr_line' id='line_1_8' title="bbox 674 1328 2742 1426; baseline 0.002 -30"><span class='ocrx_word' id='word_1_52' title='bbox 674 1348 833 1397; x_wconf 88' lang='lat' dir='ltr'>esse</span> <span class='ocrx_word' id='word_1_53' title='bbox 858 1328 1093 1422; x_wconf 88' lang='lat' dir='ltr'>possit</span> <span class='ocrx_word' id='word_1_54' title='bbox 1115 1340 1386 1424; x_wconf 85' lang='lat' dir='ltr'>praeter</span> <span class='ocrx_word' id='word_1_55' title='bbox 1414 1329 1655 1426; x_wconf 89' lang='lat' dir='ltr'>ipsum</span> <span class='ocrx_word' id='word_1_56' title='bbox 1681 1329 2029 1402; x_wconf 79' lang='lat' dir='ltr'>sentiens,</span> <span class='ocrx_word' id='word_1_57' title='bbox 2134 1330 2321 1403; x_wconf 76' lang='lat' dir='ltr'>Quae</span> <span class='ocrx_word' id='word_1_58' title='bbox 2348 1328 2742 1401; x_wconf 83' lang='lat' dir='ltr'>methodus</span> 
     </span>
     <span class='ocr_line' id='line_1_9' title="bbox 673 1441 2740 1538; baseline 0.001 -28"><span class='ocrx_word' id='word_1_59' title='bbox 673 1449 1031 1532; x_wconf 88' lang='lat' dir='ltr'>quatenus</span> <span class='ocrx_word' id='word_1_60' title='bbox 1067 1442 1480 1537; x_wconf 89' lang='lat' dir='ltr'>subjectum</span> <span class='ocrx_word' id='word_1_61' title='bbox 1510 1442 1589 1515; x_wconf 90' lang='lat' dir='ltr'>in</span> <span class='ocrx_word' id='word_1_62' title='bbox 1624 1453 1873 1538; x_wconf 85' lang='lat' dir='ltr'>partes</span> <span class='ocrx_word' id='word_1_63' title='bbox 1909 1441 2285 1531; x_wconf 86' lang='lat' dir='ltr'>dividitur,</span> <span class='ocrx_word' id='word_1_64' title='bbox 2321 1441 2689 1538; x_wconf 83' lang='lat' dir='ltr'>analytica</span> <span class='ocrx_word' id='word_1_65' title='bbox 2718 1471 2740 1524; x_wconf 89' lang='lat'>;</span> 
     </span>
     <span class='ocr_line' id='line_1_10' title="bbox 671 1554 2740 1651; baseline 0.001 -28"><span class='ocrx_word' id='word_1_66' title='bbox 671 1565 1032 1647; x_wconf 89' lang='lat' dir='ltr'>quatenus</span> <span class='ocrx_word' id='word_1_67' title='bbox 1095 1555 1408 1651; x_wconf 87' lang='lat' dir='ltr'>subjecti</span> <span class='ocrx_word' id='word_1_68' title='bbox 1462 1567 1538 1628; x_wconf 90' lang='lat' dir='ltr'>et</span> <span class='ocrx_word' id='word_1_69' title='bbox 1583 1554 1989 1628; x_wconf 87' lang='lat' dir='ltr'>accidentis</span> <span class='ocrx_word' id='word_1_70' title='bbox 2034 1556 2524 1651; x_wconf 87' lang='lat' dir='ltr'>proprietates</span> <span class='ocrx_word' id='word_1_71' title='bbox 2572 1578 2740 1626; x_wconf 93' lang='lat' dir='ltr'>cum</span> 
     </span>
     <span class='ocr_line' id='line_1_11' title="bbox 667 1665 2740 1765; baseline 0.001 -28"><span class='ocrx_word' id='word_1_72' title='bbox 667 1665 827 1761; x_wconf 91' lang='lat' dir='ltr'>ipso</span> <span class='ocrx_word' id='word_1_73' title='bbox 870 1667 1250 1741; x_wconf 88' lang='lat' dir='ltr'>accidente</span> <span class='ocrx_word' id='word_1_74' title='bbox 1294 1670 1501 1764; x_wconf 88' lang='lat' dir='ltr'>cujus</span> <span class='ocrx_word' id='word_1_75' title='bbox 1543 1670 1956 1765; x_wconf 87' lang='lat' dir='ltr'>subjectum</span> <span class='ocrx_word' id='word_1_76' title='bbox 2002 1668 2396 1763; x_wconf 83' lang='lat' dir='ltr'>quaerimus</span> <span class='ocrx_word' id='word_1_77' title='bbox 2446 1692 2740 1764; x_wconf 87' lang='lat' dir='ltr'>compa-</span> 
     </span>
     <span class='ocr_line' id='line_1_12' title="bbox 668 1780 1574 1876; baseline 0.006 -27"><span class='ocrx_word' id='word_1_78' title='bbox 668 1790 949 1867; x_wconf 86' lang='lat' dir='ltr'>rantur,</span> <span class='ocrx_word' id='word_1_79' title='bbox 987 1780 1404 1876; x_wconf 86' lang='lat' dir='ltr'>synthetica</span> <span class='ocrx_word' id='word_1_80' title='bbox 1437 1793 1574 1854; x_wconf 92' lang='lat' dir='ltr'>est.</span> 
     </span>
    </p>

    <p class='ocr_par' dir='ltr' id='par_1_4' title="bbox 345 1881 2741 1991">
     <span class='ocr_line' id='line_1_13' title="bbox 345 1881 2741 1991; baseline 0.002 -29"><span class='ocrx_word' id='word_1_81' title='bbox 345 1881 606 1962; x_wconf 60' lang='lat' dir='ltr'>Methfflu?</span> <span class='ocrx_word' id='word_1_82' title='bbox 777 1901 888 1966; x_wconf 85' lang='lat'>10.</span> <span class='ocrx_word' id='word_1_83' title='bbox 944 1894 1261 1967; x_wconf 76' lang='lat' dir='ltr'>Quando</span> <span class='ocrx_word' id='word_1_84' title='bbox 1281 1919 1459 1967; x_wconf 82' lang='lat' dir='ltr'>vero</span> <span class='ocrx_word' id='word_1_85' title='bbox 1483 1895 1786 1967; x_wconf 86' lang='lat' dir='ltr'>effectus</span> <span class='ocrx_word' id='word_1_86' title='bbox 1808 1894 2114 1991; x_wconf 84' lang='lat' dir='ltr'>alicujus</span> <span class='ocrx_word' id='word_1_87' title='bbox 2135 1893 2496 1989; x_wconf 86' lang='lat' dir='ltr'>propositi</span> <span class='ocrx_word' id='word_1_88' title='bbox 2519 1917 2741 1966; x_wconf 83' lang='lat' dir='ltr'>causa</span> 
     </span>
    </p>
   </div>
   <div class='ocr_carea' id='block_1_3' title="bbox 342 1952 2735 2104">
    <p class='ocr_par' dir='ltr' id='par_1_5' title="bbox 342 1952 2735 2104">
     <span class='ocr_line' id='line_1_14' title="bbox 342 1952 2735 2104; baseline 0.004 -33"><span class='ocrx_word' id='word_1_89' title='bbox 342 1952 594 2065; x_wconf 49' lang='lat'>2333&amp;</span> <span class='ocrx_word' id='word_1_90' title='bbox 668 2005 1180 2102; x_wconf 85' lang='lat' dir='ltr'>investiganda</span> <span class='ocrx_word' id='word_1_91' title='bbox 1213 2019 1349 2097; x_wconf 86' lang='lat' dir='ltr'>est,</span> <span class='ocrx_word' id='word_1_92' title='bbox 1379 2019 1552 2080; x_wconf 89' lang='lat' dir='ltr'>ante</span> <span class='ocrx_word' id='word_1_93' title='bbox 1583 2008 1850 2099; x_wconf 85' lang='lat' dir='ltr'>omnia,</span> <span class='ocrx_word' id='word_1_94' title='bbox 1883 2007 2278 2104; x_wconf 89' lang='lat' dir='ltr'>cogitanda</span> <span class='ocrx_word' id='word_1_95' title='bbox 2303 2018 2382 2080; x_wconf 89' lang='lat' dir='ltr'>et</span> <span class='ocrx_word' id='word_1_96' title='bbox 2408 2031 2735 2103; x_wconf 89' lang='lat' dir='ltr'>compre-</span> 
     </span>
    </p>
   </div>
   <div class='ocr_carea' id='block_1_4' title="bbox 341 2089 2740 3800">
    <p class='ocr_par' dir='ltr' id='par_1_6' title="bbox 341 2089 2740 3800">
     <span class='ocr_line' id='line_1_15' title="bbox 341 2089 2740 2218; baseline -0 -24"><span class='ocrx_word' id='word_1_97' title='bbox 341 2089 573 2196; x_wconf 53' lang='grc' dir='ltr'>ἷέῗιῖἓὲἶῖι</span> <span class='ocrx_word' id='word_1_98' title='bbox 666 2120 1056 2193; x_wconf 88' lang='lat' dir='ltr'>hendenda</span> <span class='ocrx_word' id='word_1_99' title='bbox 1097 2121 1342 2194; x_wconf 87' lang='lat' dir='ltr'>animo</span> <span class='ocrx_word' id='word_1_100' title='bbox 1388 2133 1502 2195; x_wconf 89' lang='lat' dir='ltr'>est</span> <span class='ocrx_word' id='word_1_101' title='bbox 1536 2123 1693 2218; x_wconf 86' lang='lat' dir='ltr'>ejus</span> <span class='ocrx_word' id='word_1_102' title='bbox 1728 2121 1836 2193; x_wconf 90' lang='lat' dir='ltr'>rei</span> <span class='ocrx_word' id='word_1_103' title='bbox 1871 2145 2034 2217; x_wconf 87' lang='lat' dir='ltr'>quae</span> <span class='ocrx_word' id='word_1_104' title='bbox 2074 2144 2294 2194; x_wconf 87' lang='lat' dir='ltr'>causa</span> <span class='ocrx_word' id='word_1_105' title='bbox 2327 2120 2740 2217; x_wconf 87' lang='lat' dir='ltr'>appellatur</span> 
     </span>
     <span class='ocr_line' id='line_1_16' title="bbox 666 2232 2738 2331; baseline 0 -26"><span class='ocrx_word' id='word_1_106' title='bbox 666 2234 874 2306; x_wconf 91' lang='lat' dir='ltr'>notio</span> <span class='ocrx_word' id='word_1_107' title='bbox 910 2233 1062 2307; x_wconf 89' lang='lat' dir='ltr'>sive</span> <span class='ocrx_word' id='word_1_108' title='bbox 1096 2234 1263 2307; x_wconf 87' lang='lat' dir='ltr'>idea</span> <span class='ocrx_word' id='word_1_109' title='bbox 1295 2234 1626 2331; x_wconf 87' lang='lat' dir='ltr'>perfecta</span> <span class='ocrx_word' id='word_1_110' title='bbox 1654 2265 1673 2318; x_wconf 92' lang='lat'>;</span> <span class='ocrx_word' id='word_1_111' title='bbox 1730 2234 2077 2307; x_wconf 90' lang='lat' dir='ltr'>nimirum</span> <span class='ocrx_word' id='word_1_112' title='bbox 2112 2232 2311 2329; x_wconf 92' lang='lat' dir='ltr'>quod</span> <span class='ocrx_word' id='word_1_113' title='bbox 2339 2258 2570 2306; x_wconf 73' lang='lat' dir='ltr'>causa</span> <span class='ocrx_word' id='word_1_114' title='bbox 2597 2243 2738 2322; x_wconf 73' lang='lat' dir='ltr'>est,</span> 
     </span>
     <span class='ocr_line' id='line_1_17' title="bbox 665 2346 2738 2446; baseline 0 -28"><span class='ocrx_word' id='word_1_115' title='bbox 665 2371 942 2419; x_wconf 71' lang='lat' dir='ltr'>summa</span> <span class='ocrx_word' id='word_1_116' title='bbox 975 2347 1131 2419; x_wconf 72' lang='lat' dir='ltr'>sive</span> <span class='ocrx_word' id='word_1_117' title='bbox 1165 2357 1675 2446; x_wconf 80' lang='lat' dir='ltr'>aggregatum</span> <span class='ocrx_word' id='word_1_118' title='bbox 1709 2347 2205 2420; x_wconf 80' lang='lat' dir='ltr'>accidentium</span> <span class='ocrx_word' id='word_1_119' title='bbox 2241 2346 2551 2418; x_wconf 82' lang='lat' dir='ltr'>omnium</span> <span class='ocrx_word' id='word_1_120' title='bbox 2586 2357 2738 2420; x_wconf 81' lang='lat' dir='ltr'>tam</span> 
     </span>
     <span class='ocr_line' id='line_1_18' title="bbox 665 2458 2738 2559; baseline -0.001 -28"><span class='ocrx_word' id='word_1_121' title='bbox 665 2458 743 2532; x_wconf 80' lang='lat' dir='ltr'>in</span> <span class='ocrx_word' id='word_1_122' title='bbox 798 2459 1220 2559; x_wconf 72' lang='lat' dir='ltr'>agentibuS‚</span> <span class='ocrx_word' id='word_1_123' title='bbox 1280 2482 1501 2558; x_wconf 84' lang='lat' dir='ltr'>quam</span> <span class='ocrx_word' id='word_1_124' title='bbox 1552 2460 1630 2532; x_wconf 80' lang='lat' dir='ltr'>in</span> <span class='ocrx_word' id='word_1_125' title='bbox 1677 2460 2050 2558; x_wconf 80' lang='lat' dir='ltr'>patiente,</span> <span class='ocrx_word' id='word_1_126' title='bbox 2110 2459 2219 2531; x_wconf 82' lang='lat' dir='ltr'>ad</span> <span class='ocrx_word' id='word_1_127' title='bbox 2266 2459 2738 2557; x_wconf 72' lang='lat' dir='ltr'>propositum</span> 
     </span>
     <span class='ocr_line' id='line_1_19' title="bbox 664 2572 2737 2671; baseline -0 -26"><span class='ocrx_word' id='word_1_128' title='bbox 664 2574 1005 2668; x_wconf 55' lang='lat' dir='ltr'>effectum</span> <span class='ocrx_word' id='word_1_129' title='bbox 1060 2573 1675 2665; x_wconf 79' lang='lat' dir='ltr'>concurrentium,</span> <span class='ocrx_word' id='word_1_130' title='bbox 1720 2573 1986 2671; x_wconf 73' lang='lat' dir='ltr'>quibus</span> <span class='ocrx_word' id='word_1_131' title='bbox 2035 2572 2364 2645; x_wconf 70' lang='lat' dir='ltr'>omnibus</span> <span class='ocrx_word' id='word_1_132' title='bbox 2410 2572 2737 2645; x_wconf 70' lang='lat' dir='ltr'>existen-</span> 
     </span>
     <span class='ocr_line' id='line_1_20' title="bbox 666 2684 2736 2783; baseline -0 -25"><span class='ocrx_word' id='word_1_133' title='bbox 666 2686 864 2758; x_wconf 71' lang='lat' dir='ltr'>tibus</span> <span class='ocrx_word' id='word_1_134' title='bbox 918 2685 1256 2781; x_wconf 75' lang='lat' dir='ltr'>eff&#39;ectum</span> <span class='ocrx_word' id='word_1_135' title='bbox 1314 2711 1457 2758; x_wconf 83' lang='lat' dir='ltr'>non</span> <span class='ocrx_word' id='word_1_136' title='bbox 1512 2685 1867 2775; x_wconf 71' lang='lat' dir='ltr'>existere,</span> <span class='ocrx_word' id='word_1_137' title='bbox 1923 2685 2043 2759; x_wconf 81' lang='lat' dir='ltr'>vel</span> <span class='ocrx_word' id='word_1_138' title='bbox 2096 2684 2427 2783; x_wconf 79' lang='lat' dir='ltr'>quolibet</span> <span class='ocrx_word' id='word_1_139' title='bbox 2486 2710 2736 2758; x_wconf 84' lang='lat' dir='ltr'>eorum</span> 
     </span>
     <span class='ocr_line' id='line_1_21' title="bbox 665 2798 2389 2897; baseline -0.001 -26"><span class='ocrx_word' id='word_1_140' title='bbox 665 2823 807 2871; x_wconf 84' lang='lat' dir='ltr'>uno</span> <span class='ocrx_word' id='word_1_141' title='bbox 843 2798 1149 2872; x_wconf 74' lang='lat' dir='ltr'>absente</span> <span class='ocrx_word' id='word_1_142' title='bbox 1182 2798 1535 2889; x_wconf 68' lang='lat' dir='ltr'>existere,</span> <span class='ocrx_word' id='word_1_143' title='bbox 1564 2798 1902 2897; x_wconf 79' lang='lat' dir='ltr'>intelligi</span> <span class='ocrx_word' id='word_1_144' title='bbox 1936 2824 2078 2871; x_wconf 83' lang='lat' dir='ltr'>non</span> <span class='ocrx_word' id='word_1_145' title='bbox 2101 2806 2389 2897; x_wconf 71' lang='lat' dir='ltr'>potest.</span> 
     </span>
     <span class='ocr_line' id='line_1_22' title="bbox 766 2911 2738 3008; baseline 0 -23"><span class='ocrx_word' id='word_1_146' title='bbox 766 2913 1083 3008; x_wconf 86' lang='lat' dir='ltr'>Cognito</span> <span class='ocrx_word' id='word_1_147' title='bbox 1134 2926 1403 3002; x_wconf 88' lang='lat' dir='ltr'>autem,</span> <span class='ocrx_word' id='word_1_148' title='bbox 1466 2912 1645 3007; x_wconf 92' lang='lat' dir='ltr'>quid</span> <span class='ocrx_word' id='word_1_149' title='bbox 1706 2936 1926 2986; x_wconf 86' lang='lat' dir='ltr'>causa</span> <span class='ocrx_word' id='word_1_150' title='bbox 1978 2912 2098 3000; x_wconf 87' lang='lat' dir='ltr'>sit,</span> <span class='ocrx_word' id='word_1_151' title='bbox 2161 2911 2738 3007; x_wconf 89' lang='lat' dir='ltr'>unumquodque</span> 
     </span>
     <span class='ocr_line' id='line_1_23' title="bbox 666 3023 2736 3121; baseline 0 -23"><span class='ocrx_word' id='word_1_152' title='bbox 666 3026 1007 3098; x_wconf 87' lang='lat' dir='ltr'>accidens</span> <span class='ocrx_word' id='word_1_153' title='bbox 1033 3025 1377 3097; x_wconf 88' lang='lat' dir='ltr'>effectum</span> <span class='ocrx_word' id='word_1_154' title='bbox 1405 3025 1934 3115; x_wconf 79' lang='lat' dir='ltr'>concomitanS,</span> <span class='ocrx_word' id='word_1_155' title='bbox 1963 3025 2081 3098; x_wconf 90' lang='lat' dir='ltr'>vel</span> <span class='ocrx_word' id='word_1_156' title='bbox 2105 3023 2529 3121; x_wconf 85' lang='lat' dir='ltr'>praecedens</span> <span class='ocrx_word' id='word_1_157' title='bbox 2557 3049 2736 3120; x_wconf 87' lang='lat' dir='ltr'>qua-</span> 
     </span>
     <span class='ocr_line' id='line_1_24' title="bbox 666 3136 2735 3233; baseline -0 -22"><span class='ocrx_word' id='word_1_158' title='bbox 666 3150 906 3227; x_wconf 82' lang='lat' dir='ltr'>tenuS‚</span> <span class='ocrx_word' id='word_1_159' title='bbox 941 3136 1311 3211; x_wconf 89' lang='lat' dir='ltr'>videbitur</span> <span class='ocrx_word' id='word_1_160' title='bbox 1334 3137 1429 3210; x_wconf 87' lang='lat' dir='ltr'>ad</span> <span class='ocrx_word' id='word_1_161' title='bbox 1464 3137 1809 3209; x_wconf 88' lang='lat' dir='ltr'>effectum</span> <span class='ocrx_word' id='word_1_162' title='bbox 1841 3136 2085 3232; x_wconf 92' lang='lat' dir='ltr'>aliquo</span> <span class='ocrx_word' id='word_1_163' title='bbox 2114 3136 2336 3209; x_wconf 94' lang='lat' dir='ltr'>modo</span> <span class='ocrx_word' id='word_1_164' title='bbox 2363 3137 2735 3233; x_wconf 90' lang='lat' dir='ltr'>pertinere</span> 
     </span>
     <span class='ocr_line' id='line_1_25' title="bbox 666 3247 2734 3345; baseline -0 -23"><span class='ocrx_word' id='word_1_165' title='bbox 666 3250 1040 3345; x_wconf 85' lang='lat' dir='ltr'>sigillatim</span> <span class='ocrx_word' id='word_1_166' title='bbox 1082 3249 1648 3322; x_wconf 85' lang='lat' dir='ltr'>examinandum</span> <span class='ocrx_word' id='word_1_167' title='bbox 1693 3260 1830 3338; x_wconf 87' lang='lat' dir='ltr'>est,</span> <span class='ocrx_word' id='word_1_168' title='bbox 1878 3247 2448 3343; x_wconf 84' lang='lat' dir='ltr'>videndumque,</span> <span class='ocrx_word' id='word_1_169' title='bbox 2485 3260 2734 3321; x_wconf 89' lang='lat' dir='ltr'>utrum</span> 
     </span>
     <span class='ocr_line' id='line_1_26' title="bbox 664 3361 2733 3459; baseline 0.001 -25"><span class='ocrx_word' id='word_1_170' title='bbox 664 3362 788 3435; x_wconf 92' lang='lat' dir='ltr'>illo</span> <span class='ocrx_word' id='word_1_171' title='bbox 859 3387 1010 3436; x_wconf 90' lang='lat' dir='ltr'>non</span> <span class='ocrx_word' id='word_1_172' title='bbox 1086 3363 1447 3436; x_wconf 86' lang='lat' dir='ltr'>existente</span> <span class='ocrx_word' id='word_1_173' title='bbox 1524 3362 1947 3459; x_wconf 85' lang='lat' dir='ltr'>propositus</span> <span class='ocrx_word' id='word_1_174' title='bbox 2032 3363 2335 3434; x_wconf 90' lang='lat' dir='ltr'>effectus</span> <span class='ocrx_word' id='word_1_175' title='bbox 2419 3361 2733 3436; x_wconf 83' lang='lat' dir='ltr'>existere</span> 
     </span>
     <span class='ocr_line' id='line_1_27' title="bbox 663 3473 2734 3573; baseline 0 -26"><span class='ocrx_word' id='word_1_176' title='bbox 663 3475 976 3571; x_wconf 89' lang='lat' dir='ltr'>intelligi</span> <span class='ocrx_word' id='word_1_177' title='bbox 1008 3476 1242 3573; x_wconf 89' lang='lat' dir='ltr'>possit</span> <span class='ocrx_word' id='word_1_178' title='bbox 1274 3499 1508 3549; x_wconf 90' lang='lat' dir='ltr'>necne</span> <span class='ocrx_word' id='word_1_179' title='bbox 1540 3506 1559 3559; x_wconf 92' lang='lat'>;</span> <span class='ocrx_word' id='word_1_180' title='bbox 1631 3487 1852 3570; x_wconf 88' lang='lat' dir='ltr'>atque</span> <span class='ocrx_word' id='word_1_181' title='bbox 1886 3475 2029 3548; x_wconf 89' lang='lat' dir='ltr'>hoc</span> <span class='ocrx_word' id='word_1_182' title='bbox 2062 3473 2283 3547; x_wconf 92' lang='lat' dir='ltr'>modo</span> <span class='ocrx_word' id='word_1_183' title='bbox 2319 3497 2407 3546; x_wconf 93' lang='lat' dir='ltr'>ea</span> <span class='ocrx_word' id='word_1_184' title='bbox 2440 3498 2605 3569; x_wconf 87' lang='lat' dir='ltr'>quae</span> <span class='ocrx_word' id='word_1_185' title='bbox 2638 3474 2734 3548; x_wconf 85' lang='lat' dir='ltr'>ad</span> 
     </span>
     <span class='ocr_line' id='line_1_28' title="bbox 663 3587 2732 3687; baseline -0.001 -26"><span class='ocrx_word' id='word_1_186' title='bbox 663 3589 1006 3662; x_wconf 89' lang='lat' dir='ltr'>effectum</span> <span class='ocrx_word' id='word_1_187' title='bbox 1041 3589 1598 3687; x_wconf 90' lang='lat' dir='ltr'>producendum</span> <span class='ocrx_word' id='word_1_188' title='bbox 1627 3601 2102 3678; x_wconf 87' lang='lat' dir='ltr'>concurrunt,</span> <span class='ocrx_word' id='word_1_189' title='bbox 2139 3588 2231 3661; x_wconf 87' lang='lat' dir='ltr'>ab</span> <span class='ocrx_word' id='word_1_190' title='bbox 2266 3587 2356 3660; x_wconf 91' lang='lat' dir='ltr'>iis</span> <span class='ocrx_word' id='word_1_191' title='bbox 2392 3610 2732 3685; x_wconf 87' lang='lat' dir='ltr'>segrega-</span> 
     </span>
     <span class='ocr_line' id='line_1_29' title="bbox 661 3701 2731 3800; baseline 0 -26"><span class='ocrx_word' id='word_1_192' title='bbox 661 3702 942 3775; x_wconf 90' lang='lat' dir='ltr'>buntur</span> <span class='ocrx_word' id='word_1_193' title='bbox 984 3727 1146 3800; x_wconf 86' lang='lat' dir='ltr'>quae</span> <span class='ocrx_word' id='word_1_194' title='bbox 1187 3728 1338 3776; x_wconf 90' lang='lat' dir='ltr'>non</span> <span class='ocrx_word' id='word_1_195' title='bbox 1383 3714 1856 3776; x_wconf 89' lang='lat' dir='ltr'>concurrunt.</span> <span class='ocrx_word' id='word_1_196' title='bbox 1974 3703 2142 3776; x_wconf 76' lang='lat' dir='ltr'>Quo</span> <span class='ocrx_word' id='word_1_197' title='bbox 2187 3701 2387 3775; x_wconf 86' lang='lat' dir='ltr'>facto</span> <span class='ocrx_word' id='word_1_198' title='bbox 2437 3725 2524 3774; x_wconf 87' lang='lat' dir='ltr'>ea</span> <span class='ocrx_word' id='word_1_199' title='bbox 2567 3726 2731 3797; x_wconf 86' lang='lat' dir='ltr'>quae</span> 
     </span>
    </p>
   </div>
   <div class='ocr_carea' id='block_1_5' title="bbox 665 3813 2731 3912">
    <p class='ocr_par' dir='ltr' id='par_1_7' title="bbox 665 3813 2731 3912">
     <span class='ocr_line' id='line_1_30' title="bbox 665 3813 2731 3912; baseline 0 -26"><span class='ocrx_word' id='word_1_200' title='bbox 665 3826 1117 3887; x_wconf 89' lang='lat' dir='ltr'>concurrunt</span> <span class='ocrx_word' id='word_1_201' title='bbox 1162 3814 1681 3912; x_wconf 85' lang='lat' dir='ltr'>congreganda</span> <span class='ocrx_word' id='word_1_202' title='bbox 1721 3825 1916 3904; x_wconf 88' lang='lat' dir='ltr'>sunt,</span> <span class='ocrx_word' id='word_1_203' title='bbox 1954 3826 2029 3887; x_wconf 89' lang='lat' dir='ltr'>et</span> <span class='ocrx_word' id='word_1_204' title='bbox 2062 3813 2553 3888; x_wconf 86' lang='lat' dir='ltr'>consideratio</span> <span class='ocrx_word' id='word_1_205' title='bbox 2598 3814 2731 3887; x_wconf 88' lang='lat' dir='ltr'>ha-</span> 
     </span>
    </p>
   </div>
   <div class='ocr_carea' id='block_1_6' title="bbox 662 3926 2851 4023">
    <p class='ocr_par' dir='ltr' id='par_1_8' title="bbox 662 3926 2851 4023">
     <span class='ocr_line' id='line_1_31' title="bbox 662 3926 2851 4023; baseline 0.001 -24"><span class='ocrx_word' id='word_1_206' title='bbox 662 3926 927 4012; x_wconf 87' lang='lat' dir='ltr'>benda,</span> <span class='ocrx_word' id='word_1_207' title='bbox 962 3952 1059 4000; x_wconf 85' lang='lat' dir='ltr'>an</span> <span class='ocrx_word' id='word_1_208' title='bbox 1091 3927 1180 4000; x_wconf 92' lang='lat' dir='ltr'>iis</span> <span class='ocrx_word' id='word_1_209' title='bbox 1215 3929 1554 4001; x_wconf 89' lang='lat' dir='ltr'>omnibus</span> <span class='ocrx_word' id='word_1_210' title='bbox 1589 3927 1806 4001; x_wconf 90' lang='lat' dir='ltr'>simul</span> <span class='ocrx_word' id='word_1_211' title='bbox 1841 3927 2349 4016; x_wconf 84' lang='lat' dir='ltr'>existentibuS‚</span> <span class='ocrx_word' id='word_1_212' title='bbox 2383 3928 2730 4023; x_wconf 86' lang='lat' dir='ltr'>possibile</span> <span class='ocrx_word' id='word_1_213' title='bbox 2844 3926 2851 3932; x_wconf 76' lang='grc'><strong>’</strong></span> 
     </span>
    </p>
   </div>
   <div class='ocr_carea' id='block_1_7' title="bbox 664 4041 2732 4476">
    <p class='ocr_par' dir='ltr' id='par_1_9' title="bbox 664 4041 2732 4476">
     <span class='ocr_line' id='line_1_32' title="bbox 664 4041 2732 4138; baseline 0.001 -26"><span class='ocrx_word' id='word_1_214' title='bbox 664 4051 912 4112; x_wconf 85' lang='lat' dir='ltr'>tamen</span> <span class='ocrx_word' id='word_1_215' title='bbox 958 4041 1057 4113; x_wconf 84' lang='lat' dir='ltr'>sit</span> <span class='ocrx_word' id='word_1_216' title='bbox 1087 4041 1496 4138; x_wconf 89' lang='lat' dir='ltr'>intelligere</span> <span class='ocrx_word' id='word_1_217' title='bbox 1541 4041 1741 4137; x_wconf 89' lang='lat' dir='ltr'>quod</span> <span class='ocrx_word' id='word_1_218' title='bbox 1784 4041 2205 4138; x_wconf 89' lang='lat' dir='ltr'>propositus</span> <span class='ocrx_word' id='word_1_219' title='bbox 2242 4042 2546 4115; x_wconf 86' lang='lat' dir='ltr'>effectus</span> <span class='ocrx_word' id='word_1_220' title='bbox 2579 4066 2732 4115; x_wconf 88' lang='lat' dir='ltr'>non</span> 
     </span>
     <span class='ocr_line' id='line_1_33' title="bbox 667 4151 2727 4250; baseline 0.002 -28"><span class='ocrx_word' id='word_1_221' title='bbox 667 4151 956 4225; x_wconf 84' lang='lat' dir='ltr'>existat.</span> <span class='ocrx_word' id='word_1_222' title='bbox 1094 4154 1315 4227; x_wconf 76' lang='lat' dir='ltr'>Quod</span> <span class='ocrx_word' id='word_1_223' title='bbox 1382 4154 1444 4227; x_wconf 90' lang='lat' dir='ltr'>si</span> <span class='ocrx_word' id='word_1_224' title='bbox 1504 4153 1582 4227; x_wconf 92' lang='lat' dir='ltr'>id</span> <span class='ocrx_word' id='word_1_225' title='bbox 1645 4153 2031 4250; x_wconf 82' lang='lat' dir='ltr'>concipere</span> <span class='ocrx_word' id='word_1_226' title='bbox 2100 4177 2251 4226; x_wconf 90' lang='lat' dir='ltr'>non</span> <span class='ocrx_word' id='word_1_227' title='bbox 2317 4177 2727 4250; x_wconf 86' lang='lat' dir='ltr'>possumus,</span> 
     </span>
     <span class='ocr_line' id='line_1_34' title="bbox 666 4265 2729 4364; baseline 0.002 -30"><span class='ocrx_word' id='word_1_228' title='bbox 666 4276 1146 4361; x_wconf 86' lang='lat' dir='ltr'>aggregatum</span> <span class='ocrx_word' id='word_1_229' title='bbox 1177 4265 1359 4339; x_wconf 91' lang='lat' dir='ltr'>illud</span> <span class='ocrx_word' id='word_1_230' title='bbox 1394 4290 1615 4340; x_wconf 84' lang='lat' dir='ltr'>causa</span> <span class='ocrx_word' id='word_1_231' title='bbox 1646 4268 1803 4364; x_wconf 89' lang='lat' dir='ltr'>ejus</span> <span class='ocrx_word' id='word_1_232' title='bbox 1838 4266 2130 4362; x_wconf 85' lang='lat' dir='ltr'>integra</span> <span class='ocrx_word' id='word_1_233' title='bbox 2163 4278 2299 4352; x_wconf 85' lang='lat' dir='ltr'>est,</span> <span class='ocrx_word' id='word_1_234' title='bbox 2333 4266 2547 4343; x_wconf 88' lang='lat' dir='ltr'>aliter</span> <span class='ocrx_word' id='word_1_235' title='bbox 2577 4290 2729 4340; x_wconf 92' lang='lat' dir='ltr'>non</span> 
     </span>
     <span class='ocr_line' id='line_1_35' title="bbox 666 4377 2728 4476; baseline 0.003 -29"><span class='ocrx_word' id='word_1_236' title='bbox 666 4388 802 4465; x_wconf 90' lang='lat' dir='ltr'>est,</span> <span class='ocrx_word' id='word_1_237' title='bbox 838 4377 966 4450; x_wconf 89' lang='lat' dir='ltr'>sed</span> <span class='ocrx_word' id='word_1_238' title='bbox 994 4379 1136 4453; x_wconf 88' lang='lat' dir='ltr'>alia</span> <span class='ocrx_word' id='word_1_239' title='bbox 1160 4379 1400 4455; x_wconf 86' lang='lat' dir='ltr'>adhuc</span> <span class='ocrx_word' id='word_1_240' title='bbox 1436 4378 1832 4476; x_wconf 81' lang='lat' dir='ltr'>quaerenda</span> <span class='ocrx_word' id='word_1_241' title='bbox 1860 4389 1938 4452; x_wconf 89' lang='lat' dir='ltr'>et</span> <span class='ocrx_word' id='word_1_242' title='bbox 1970 4379 2500 4453; x_wconf 86' lang='lat' dir='ltr'>accumulanda</span> <span class='ocrx_word' id='word_1_243' title='bbox 2531 4390 2728 4453; x_wconf 86' lang='lat' dir='ltr'>sunt.</span> 
     </span>
    </p>
   </div>
  </div>
 </body>
</html>
