3182 5102
853 466 959 517 nn
1002 466 1336 519 memus
1378 465 2052 519 nnmcmN‘rmUS.
2340 452 2484 518 215

415 627 629 702 lelam
666 631 732 703 D
761 631 842 716 C,
896 631 1116 705 toties
1152 632 1442 728 quoties
1477 656 1661 728 opus
1696 632 1861 724 erit,
1915 643 2289 707 secantem
2323 634 2385 707 B
2406 634 2473 707 D
2507 635 2682 686 mas
2717 635 2824 688 111³

2633 703 2708 754 17.

415 741 491 814 in
527 743 614 831 G,
668 757 741 817 et
777 770 984 819 sumo
1020 747 1216 819 inter
1263 747 1323 818 E
1348 747 1425 834 F,
1478 747 1538 818 E
1562 747 1626 819 G
1677 757 1829 819 tres
1863 746 2139 820 medias
2166 770 2475 844 propor-
2530 770 2809 808 *vd

2504 839 2782 890 Ean-undem

414 853 725 929 tionales
785 858 845 929 E
871 859 969 946 H,
1016 859 1160 947 EI,
1209 858 1269 929 E
1297 858 1388 931 K.
1493 859 1753 953 Itaque
1806 858 2048 932 ductis
2098 859 2312 932 lineis
2344 883 2478 956 per
2502 905 2765 968 figumum

413 968 662 1041 omnia
691 981 971 1065 puncta
1023 972 1121 1059 H,
1172 972 1304 1042 fiet
1336 972 1574 1066 figura
1609 971 1669 1043 B
1694 972 1766 1043 H
1796 971 1862 1043 D
1890 972 1972 1060 C,
2027 995 2118 1045 ex
2152 972 2311 1044 istis
2348 971 2480 1044 tri-
2502 970 2757 1034 dacriptio

409 1078 622 1154 lineis
654 1083 973 1177 primum
1003 1114 1022 1167 3
1061 1096 1137 1156 et
1169 1107 1304 1180 per
1337 1083 1584 1156 omnia
1611 1096 1891 1180 puncta
1924 1086 1957 1157 I
1993 1086 2123 1157 fiet
2160 1085 2220 1157 B
2243 1086 2276 1157 I
2302 1085 2368 1158 D
2392 1085 2474 1176 C,

410 1215 501 1266 ex
536 1194 795 1268 iisdem
822 1197 1133 1269 trilineis
1168 1195 1565 1270 secundum
1596 1227 1614 1279 ;
1652 1208 1727 1269 et
1761 1221 1894 1293 per
1927 1198 2175 1271 omnia
2198 1210 2477 1294 puncta

411 1307 505 1395 K,
528 1308 658 1380 fiet
686 1310 1056 1382 trilineum
1083 1310 1382 1383 tertium
1408 1310 1468 1382 B
1496 1311 1564 1382 K
1596 1310 1662 1382 D
1691 1310 1769 1382 C.
1836 1312 2124 1384 Horum
2155 1311 2475 1407 primum

414 1419 620 1515 (quia
645 1424 835 1495 ratio
871 1424 931 1495 E
961 1424 1018 1494 F
1076 1423 1167 1496 ad
1226 1424 1286 1495 E
1310 1423 1374 1496 G
1425 1422 1983 1519 quadruplicata
2016 1434 2131 1496 est
2164 1424 2472 1498 rationis

405 1532 466 1603 E
499 1533 554 1604 F
578 1534 674 1607 ad
693 1536 752 1606 E
778 1536 884 1627 H)
914 1536 1055 1608 erit
1082 1536 1177 1608 ad
1198 1535 1816 1631 complementum
1846 1560 2055 1609 suum
2086 1549 2171 1608 ut
2197 1546 2240 1610 4
2279 1537 2372 1610 ad
2410 1548 2471 1626 l,

405 1658 484 1716 et
544 1647 639 1719 ad
699 1649 1460 1745 parallelogrammum
1519 1661 1605 1721 ut
1650 1658 1693 1722 4
1747 1648 1842 1721 ad
1878 1659 1945 1722 5.
2052 1649 2471 1723 Secundum

410 1758 616 1854 (quia
646 1761 837 1834 ratio
871 1762 932 1833 E
962 1763 1018 1834 F
1051 1762 1146 1835 ad
1179 1763 1239 1834 E
1271 1763 1334 1835 G
1367 1762 1464 1835 ad
1497 1762 1863 1835 rationem
1897 1763 1957 1834 E
1989 1763 2046 1835 F
2080 1763 2176 1836 ad
2208 1764 2324 1835 EI
2356 1776 2472 1836 est

401 1883 488 1946 ut
522 1882 565 1946 4
604 1873 700 1946 ad
732 1876 811 1966 2)
853 1875 995 1948 erit
1043 1875 1559 1972 complementi
1596 1874 1710 1948 sui
1744 1874 2071 1970 duplum,
2108 1887 2184 1948 et
2231 1876 2471 1972 paral-

400 1984 859 2083 lelogrammi
922 1994 967 2075 ξς
1033 1989 1185 2062 sive
1279 1986 2000 2083 subsesquialterum.
2135 1988 2468 2061 Tertium

407 2100 614 2195 (quia
664 2101 855 2175 ratio
896 2102 957 2173 E
985 2103 1041 2174 F
1097 2101 1193 2175 ad
1238 2102 1298 2173 E
1328 2102 1391 2174 G
1425 2100 1521 2174 ad
1574 2100 1939 2173 rationem
1981 2101 2042 2172 E
2072 2101 2129 2173 F
2170 2100 2266 2174 ad
2308 2103 2367 2174 Ε
2398 2103 2466 2174 Κ

400 2224 513 2284 est
548 2223 635 2285 ut
668 2223 711 2287 4
752 2214 848 2287 ad
882 2215 959 2309 3)
1002 2215 1143 2288 erit
1179 2213 1697 2311 complementi
1733 2213 1846 2286 sui
1893 2214 2464 2309 sesquitertium,

399 2323 552 2398 sive
612 2339 696 2399 ut
753 2337 799 2401 4
857 2328 951 2401 ad
1008 2338 1052 2402 3
1086 2359 1104 2411 ;
1168 2327 1833 2425 parallelogrammi
1898 2350 2073 2400 vero
2145 2340 2463 2424 quatuor

399 2438 754 2533 septimae,
790 2440 942 2513 sive
975 2452 1063 2514 ut
1101 2450 1144 2514 4
1183 2441 1277 2513 ad
1314 2450 1381 2523 7.

496 2551 887 2650 Descripta
912 2554 1169 2627 harum
1193 2556 1594 2650 figurarum
1620 2554 1968 2650 quaelibet
1999 2553 2309 2650 produci
2328 2580 2424 2652 po

396 2674 546 2736 test
581 2680 936 2761 quantum
972 2668 1135 2764 quis
1167 2668 1507 2756 voluerit,
1536 2667 1678 2741 hoc
1713 2667 1956 2741 modo,
2032 2667 2149 2739 Sit
2167 2669 2459 2743 ABCD

401 2777 508 2869 (in
543 2780 666 2876 fig.
698 2781 776 2872 4)
816 2781 1601 2878 parallelogrammum,
1648 2781 1726 2853 in
1783 2804 1928 2877 quo
1966 2779 2335 2877 descripta
2361 2780 2460 2854 sit

393 2890 630 2986 figura
664 2893 724 2964 B
749 2894 818 2966 K
839 2895 908 2967 D
930 2894 1010 2983 C,
1051 2893 1304 2967 eadem
1341 2918 1504 2990 quae
1539 2894 1617 2967 in
1650 2895 1891 2990 figura
1918 2893 2249 2990 proxime
2270 2918 2458 2990 prae-

394 3002 725 3090 cedente,
761 3030 1024 3102 nempe
1059 3031 1149 3079 ex
1184 3006 1445 3079 mediis
1481 3007 1717 3079 tribus
1752 3006 2074 3079 tertium.
2180 3006 2456 3080 Produ-

391 3127 604 3188 catur
642 3118 702 3189 B
738 3118 804 3190 D
838 3131 1214 3215 utcunque
1242 3120 1319 3193 in
1354 3121 1440 3208 E,
1477 3131 1554 3192 et
1586 3121 1719 3192 fiat
1753 3120 1812 3190 E
1840 3120 1897 3192 F
1922 3119 2270 3215 parallela
2293 3120 2453 3193 basi

390 3227 457 3300 D
486 3229 569 3317 C,
606 3252 860 3304 secans
895 3232 963 3304 A
989 3232 1055 3304 D
1088 3232 1525 3329 productam
1559 3232 1638 3304 in
1674 3231 1779 3316 G;
1833 3244 2163 3305 sumatur
2187 3234 2342 3329 jam
2376 3234 2454 3306 in

391 3339 454 3412 G
480 3341 540 3412 E
588 3354 944 3436 punctum
1002 3344 1102 3433 H,
1158 3345 1266 3417 ita
1302 3357 1389 3418 ut
1441 3345 1631 3418 ratio
1668 3345 1803 3417 FE
1838 3345 1934 3417 ad
1971 3345 2110 3418 FG
2144 3346 2241 3418 sit
2276 3369 2453 3442 qua-

391 3451 803 3549 druplicata
855 3457 1163 3529 rationis
1217 3459 1354 3531 FE
1409 3458 1504 3531 ad
1539 3459 1595 3530 F
1618 3459 1734 3541 H;
1773 3457 1971 3553 quod
2015 3459 2146 3531 fiet
2199 3459 2261 3531 si
2297 3459 2448 3531 FH

389 3565 488 3638 sit
523 3565 744 3638 trium
776 3569 1458 3665 proportionalium,
1496 3571 1692 3643 inter
1728 3571 1783 3642 F
1804 3571 1864 3643 E
1914 3582 1992 3644 et
2027 3572 2084 3644 F
2104 3571 2168 3644 G
2217 3572 2447 3644 inter-

377 3680 766 3776 jectarum,
826 3683 1146 3755 maxima
1175 3715 1193 3767 ;
1265 3684 1610 3757 transibit
1663 3684 1856 3756 linea
1910 3708 2135 3758 curva
2197 3684 2254 3755 B
2282 3684 2347 3756 K
2379 3684 2445 3757 D

383 3795 768 3891 producta,
796 3820 929 3892 per
959 3810 1316 3893 punctum
1355 3799 1452 3870 H.
1557 3800 1802 3870 Ducta
1826 3798 2021 3870 enim
2057 3798 2117 3870 B
2142 3799 2214 3870 H
2242 3808 2449 3870 recta

382 3920 681 3980 secante
717 3909 775 3981 C
797 3910 863 3981 D
899 3911 974 3982 in
1010 3911 1068 4000 Ι,
1113 3923 1188 3983 et
1226 3912 1298 3983 H
1323 3912 1383 3984 L
1417 3911 1766 4008 parallela
1797 3924 2020 3984 rectae
2054 3911 2118 3984 G
2140 3912 2229 4000 D,
2280 3935 2443 4007 quae

381 4034 720 4094 occurrat
772 4022 918 4095 CD
969 4023 1351 4119 productae
1399 4024 1479 4097 in
1514 4025 1598 4110 L,
1651 4024 1792 4096 erit
1846 4024 1986 4097 CL
2038 4023 2134 4096 ad
2193 4023 2307 4097 CI
2357 4035 2444 4096 ut

379 4134 514 4206 FE
550 4134 645 4207 ad
679 4134 842 4221 FG,
892 4136 1036 4209 hoc
1092 4149 1226 4225 est,
1285 4137 1363 4211 in
1417 4138 1703 4211 ratione
1759 4138 1894 4210 FE
1948 4137 2044 4211 ad
2078 4138 2228 4209 FH
2287 4137 2440 4210 sive

378 4246 438 4319 C
460 4248 526 4319 D
560 4247 656 4320 ad
691 4248 806 4321 CI
842 4249 1416 4346 quadruplicata.
1522 4250 1772 4325 Quare
1820 4261 2176 4346 punctum
2213 4252 2285 4323 H
2324 4260 2437 4324 est

2503 1044 2554 1085 et
2570 1036 2830 1101 productio»
