3182 5102
656 424 661 429 '
701 422 843 487 392
1548 433 1932 485 ansch.

333 612 508 661 PARS
534 612 621 661 IV·
702 603 944 675 clusus
997 613 1176 690 erat,
1222 604 1310 675 fit
1357 603 1739 676 concussio
1791 601 2012 673 etiam
2058 601 2243 673 aeris
2295 598 2550 683 liberi;
2602 598 2776 671 hinc

342 680 589 785 *ff-³⁶&
699 716 1035 790 fremitus
1089 716 1210 788 ille
1271 729 1347 789 et
1398 741 1729 789 murmur
1797 715 1986 788 aeris
2047 714 2171 810 qui
2236 713 2607 807 fragorem
2659 736 2776 784 se-

702 830 993 927 quitur:
1049 830 1179 903 sed
1206 855 1294 903 ex
1328 830 1624 927 fragore
1649 830 1889 925 primo
1928 839 2004 902 et
2032 840 2383 923 sequente
2405 849 2777 898 murmure

697 945 784 1016 fit
833 966 1056 1016 sonus
1113 943 1237 1037 qui
1291 955 1598 1015 vocatur
1640 942 1979 1015 tonitruS.
2082 942 2190 1013 Ex
2227 939 2487 1012 eodem
2522 954 2773 1010 autem

699 1080 866 1128 aere
920 1080 961 1129 e
1004 1057 1196 1128 nube
1238 1068 1668 1152 erumpente
1703 1079 2091 1151 aeremque
2140 1055 2499 1150 reliquum
2546 1075 2776 1147 usque

697 1168 796 1240 ad
822 1170 1113 1242 oculum
1147 1170 1642 1259 concutiente,
1676 1172 1765 1242 fit
1797 1169 1921 1243 illa
1954 1169 2149 1242 actio
2185 1168 2262 1240 in
2298 1167 2592 1240 oculum
2633 1190 2778 1260 qua

699 1283 1052 1355 sentimus
1081 1283 1319 1355 lucem
1347 1307 1533 1371 eam,
1558 1307 1779 1379 quam
1798 1305 2143 1354 vocamus
2165 1280 2436 1376 fulgur.
2499 1279 2784 1351 Causas

700 1420 877 1492 ergo
913 1396 1232 1469 tonitrus
1268 1408 1346 1468 et
1378 1396 1690 1492 fulguris
1725 1394 2176 1467 reddidimus
2207 1392 2613 1488 possibiles,

286 1530 428 1577 Unde
442 1530 565 1606 ειμι
585 1545 675 1577 nu·
814 1518 924 1581 15.
977 1509 1080 1580 At
1124 1509 1186 1580 si
1219 1532 1527 1603 vapores
1576 1508 1655 1580 in
1703 1509 1935 1580 nubes
1966 1507 2228 1580 elevati
2264 1505 2668 1578 coaluerint
2701 1504 2777 1576 in

282 1595 663 1718 ἷῖιῖιέἶῗὲἶζῗέε,
703 1646 967 1718 aquam
994 1621 1447 1710 continuam,
1470 1621 1587 1693 vel
1617 1633 2022 1717 compactae
2047 1620 2123 1692 in
2143 1619 2453 1714 glaciem
2475 1618 2775 1703 fuerint,

283 1733 392 1787 P⁰⁸t
411 1726 647 1773 ‘¹²⁰³dant·
703 1735 900 1808 unde
947 1746 1060 1806 est
1094 1733 1315 1829 quod,
1366 1758 1629 1830 graves
1669 1760 1836 1807 cum
1885 1734 2037 1807 sint
2067 1747 2220 1806 tam
2252 1732 2524 1829 glacies
2559 1756 2778 1827 quam

704 1871 917 1942 aqua,
981 1858 1134 1919 tam
1202 1847 1328 1920 diu
1395 1848 1685 1943 possint
1738 1849 1831 1921 ab
1894 1873 2063 1921 aere
2130 1846 2524 1920 sustineri?
2641 1846 2776 1919 Vel

702 1961 973 2056 potiuS‚
1010 1960 1315 2033 elevatae
1369 1985 1536 2032 cum
1572 1960 1744 2051 sint,
1783 1986 2002 2056 quam
2037 1962 2132 2034 ob
2179 1984 2475 2033 causam
2526 1984 2778 2032 rursus

704 2073 1093 2146 recidunt?
1195 2074 1521 2146 Dubium
1555 2075 1751 2147 enim
1780 2100 1936 2147 esse
1970 2099 2120 2147 non
2153 2086 2426 2171 potest,
2463 2074 2638 2170 quin
2677 2073 2780 2145 vis

707 2211 817 2275 ea,
852 2211 1015 2282 quae
1051 2211 1317 2283 aquam
1349 2188 1597 2284 potuit
1630 2189 1993 2278 attollere,
2030 2188 2339 2261 eandem
2374 2187 2597 2260 etiam
2631 2211 2782 2259 sus·

709 2301 943 2372 tinere
1003 2300 1270 2395 potuit.
1376 2301 1526 2373 Cur
1587 2325 1765 2398 ergo
1834 2302 2124 2375 sublata
2182 2300 2493 2374 recidit?
2595 2301 2782 2373 Dico

709 2436 887 2508 ergo
923 2414 1016 2485 ab
1053 2413 1311 2486 eodem
1346 2414 1523 2486 oriri
1557 2424 1765 2487 motu
1799 2415 1972 2488 solis
2004 2414 2354 2512 simplice,
2391 2427 2550 2486 tum
2583 2411 2785 2508 quod

708 2525 1149 2599 attolluntur
1182 2549 1509 2622 vapores,
1564 2537 1723 2600 tum
1757 2528 1956 2623 quod
2008 2551 2217 2623 aquae
2266 2528 2344 2599 in
2378 2528 2609 2600 nubes
2659 2551 2796 2600 co-

710 2638 906 2714 alitae
943 2638 1056 2734 dej
1064 2639 1407 2712 iciuntur.

811 2753 1210 2825 Ostensum
1244 2752 1439 2825 enim
1474 2766 1583 2825 est
1628 2753 1818 2850 (cap.
1848 2775 2032 2826 xx1.
2069 2765 2207 2826 art.
2255 2755 2374 2837 ll)
2415 2753 2784 2850 quomodo

711 2890 1021 2962 vapores
1089 2866 1492 2938 elevantur.
1615 2866 1764 2939 Sed
1829 2879 1907 2938 et
1966 2878 2342 2939 ostensum
2408 2877 2520 2939 est
2592 2869 2782 2963 (cap.

713 2979 998 3068 eodem,
1036 2991 1176 3051 art.
1217 2982 1293 3073 5)
1355 2979 1723 3077 quomodo
1779 2981 1871 3052 ab
1925 2980 2185 3053 eodem
2218 2991 2426 3052 motu
2480 3004 2787 3076 congre-

711 3104 983 3189 gantur
1037 3093 1521 3188 homogenea,
1579 3105 1657 3165 et
1710 3092 2204 3188 heterogenea
2246 3092 2786 3189 disperguntur,

711 3206 855 3278 hoc
909 3219 1044 3294 est,
1083 3206 1453 3301 quomodo
1490 3231 1656 3301 quae
1708 3206 1806 3278 ad
1846 3219 2185 3279 naturam
2248 3207 2529 3281 telluris
2582 3231 2789 3280 acce-

714 3319 902 3391 dunt
953 3318 1048 3390 ad
1104 3331 1380 3392 terram
1426 3319 1824 3414 pelluntur,
1874 3320 2019 3392 hoc
2055 3332 2189 3410 est,
2227 3345 2390 3415 quae
2423 3321 2521 3394 sit
2570 3345 2792 3394 causa

715 3432 1105 3504 descensus
1165 3431 1524 3527 gravium.
1631 3432 1948 3506 Quando
2004 3457 2181 3529 ergo
2243 3434 2413 3506 solis
2463 3436 2660 3507 actio
2710 3435 2790 3506 in

714 3545 1083 3618 elevandis
1116 3546 1509 3640 vaporibus
1544 3545 1965 3642 impeditur,
2010 3547 2088 3618 in
2133 3547 2391 3620 iisdem
2442 3548 2794 3648 dejicien-

715 3659 826 3731 dis
860 3684 1010 3731 non
1046 3658 1469 3754 impeditur,
1509 3659 1904 3732 descendet
1938 3683 2149 3755 aqua.
2223 3660 2371 3733 Sed
2397 3661 2591 3733 actio
2618 3661 2792 3734 solis

715 3772 792 3844 in
827 3771 1138 3844 terrenis
1190 3772 1286 3844 ad
1320 3784 1595 3846 terram
1630 3772 2057 3868 dejiciendis
2106 3798 2152 3845 a
2202 3775 2400 3846 nube
2451 3774 2792 3870 impediri

715 3909 869 3958 non
922 3896 1194 3980 potest,
1245 3885 1321 3956 in
1375 3886 1744 3958 elevandis
1780 3886 2169 3983 vaporibus
2220 3898 2491 3983 potest.
2597 3888 2787 3960 Nam

715 3999 964 4095 spissae
1026 4000 1240 4072 nubis
1293 4024 1461 4095 pars
1513 4000 1819 4073 inferior
1880 4025 1928 4072 a
1976 4014 2186 4096 parte
2247 4002 2624 4096 superiore
2685 4003 2791 4074 ita

714 4112 1018 4208 tegitur,
1053 4125 1139 4186 ut
1174 4114 1497 4209 recipere
1531 4139 1692 4187 eam
1728 4114 2094 4190 actionem
2128 4114 2300 4187 solis
2333 4138 2484 4188 non
2518 4127 2786 4210 potest,

715 4248 867 4319 qua
930 4249 1240 4321 vapores
1301 4226 1680 4299 elevantur
1711 4259 1728 4309 ;
1816 4240 2210 4323 propterea
2288 4229 2486 4323 quod
2571 4253 2788 4301 causa

713 4361 1070 4432 vaporum
1126 4339 1644 4413 elevandorum
1700 4354 1810 4414 est
1859 4345 2217 4438 perpetua
2248 4341 2437 4416 aeris
2470 4342 2792 4415 fermen-
