<?xml version="1.0" encoding="UTF-8"?>
<!DOCTYPE html PUBLIC "-//W3C//DTD XHTML 1.0 Transitional//EN"
    "http://www.w3.org/TR/xhtml1/DTD/xhtml1-transitional.dtd">
<html xmlns="http://www.w3.org/1999/xhtml" xml:lang="en" lang="en">
 <head>
  <title>
</title>
<meta http-equiv="Content-Type" content="text/html;charset=utf-8" />
  <meta name='ocr-system' content='tesseract 3.04.00' />
  <meta name='ocr-capabilities' content='ocr_page ocr_carea ocr_par ocr_line ocrx_word'/>
</head>
<body>
  <div class='ocr_page' id='page_1' title='image "./thomhobbesmalme03molegoog_0442.png"; bbox 0 0 3182 5102; ppageno 0'>
   <div class='ocr_carea' id='block_1_1' title="bbox 309 637 598 686">
    <p class='ocr_par' dir='ltr' id='par_1_1' title="bbox 309 637 598 686">
     <span class='ocr_line' id='line_1_1' title="bbox 309 637 598 686; baseline 0.007 -2"><span class='ocrx_word' id='word_1_1' title='bbox 309 637 483 685; x_wconf 78' lang='lat' dir='ltr'>PARS</span> <span class='ocrx_word' id='word_1_2' title='bbox 510 639 598 686; x_wconf 80' lang='lat'>111.</span> 
     </span>
    </p>
   </div>
   <div class='ocr_carea' id='block_1_2' title="bbox 333 706 581 808">
    <p class='ocr_par' dir='ltr' id='par_1_2' title="bbox 333 706 581 808">
     <span class='ocr_line' id='line_1_2' title="bbox 414 706 493 751; baseline 0 0"><span class='ocrx_word' id='word_1_3' title='bbox 414 706 493 751; x_wconf 83' lang='lat'><strong>22.</strong></span> 
     </span>
     <span class='ocr_line' id='line_1_3' title="bbox 333 774 581 808; baseline 0.004 -12"><span class='ocrx_word' id='word_1_4' title='bbox 333 774 581 808; x_wconf 47' lang='grc' dir='ltr'><strong>κ-Ὗ-κ</strong></span> 
     </span>
    </p>
   </div>
   <div class='ocr_carea' id='block_1_3' title="bbox 288 1446 653 1573">
    <p class='ocr_par' dir='ltr' id='par_1_3' title="bbox 288 1446 653 1573">
     <span class='ocr_line' id='line_1_4' title="bbox 288 1446 619 1493; baseline -0.003 0"><span class='ocrx_word' id='word_1_5' title='bbox 288 1446 482 1493; x_wconf 73' lang='lat' dir='ltr'><strong>&#39;fractio</strong></span> <span class='ocrx_word' id='word_1_6' title='bbox 516 1460 619 1493; x_wconf 87' lang='lat' dir='ltr'><strong>om-</strong></span> 
     </span>
     <span class='ocr_line' id='line_1_5' title="bbox 289 1509 653 1573; baseline -0.005 -15"><span class='ocrx_word' id='word_1_7' title='bbox 289 1510 365 1558; x_wconf 72' lang='lat' dir='ltr'><strong>nis</strong></span> <span class='ocrx_word' id='word_1_8' title='bbox 380 1518 454 1559; x_wconf 78' lang='lat' dir='ltr'><strong>est</strong></span> <span class='ocrx_word' id='word_1_9' title='bbox 480 1509 653 1573; x_wconf 78' lang='lat' dir='ltr'><strong>pulsio.</strong></span> 
     </span>
    </p>
   </div>
   <div class='ocr_carea' id='block_1_4' title="bbox 286 3230 652 3608">
    <p class='ocr_par' dir='ltr' id='par_1_4' title="bbox 286 3230 652 3608">
     <span class='ocr_line' id='line_1_6' title="bbox 290 3230 604 3295; baseline -0.003 -13"><span class='ocrx_word' id='word_1_10' title='bbox 290 3230 604 3295; x_wconf 72' lang='lat' dir='ltr'><strong>Quaecunque</strong></span> 
     </span>
     <span class='ocr_line' id='line_1_7' title="bbox 286 3305 574 3359; baseline 0.014 -17"><span class='ocrx_word' id='word_1_11' title='bbox 286 3311 450 3359; x_wconf 77' lang='lat' dir='ltr'><strong>pressa</strong></span> <span class='ocrx_word' id='word_1_12' title='bbox 488 3305 574 3346; x_wconf 79' lang='lat' dir='ltr'><strong>aut</strong></span> 
     </span>
     <span class='ocr_line' id='line_1_8' title="bbox 288 3363 652 3411; baseline 0.005 -3"><span class='ocrx_word' id='word_1_13' title='bbox 288 3372 422 3410; x_wconf 75' lang='lat' dir='ltr'><strong>tensa</strong></span> <span class='ocrx_word' id='word_1_14' title='bbox 446 3378 497 3410; x_wconf 77' lang='lat' dir='ltr'><strong>se</strong></span> <span class='ocrx_word' id='word_1_15' title='bbox 517 3363 652 3411; x_wconf 77' lang='lat' dir='ltr'><strong>resti·</strong></span> 
     </span>
     <span class='ocr_line' id='line_1_9' title="bbox 287 3435 649 3486; baseline 0.006 -12"><span class='ocrx_word' id='word_1_16' title='bbox 287 3436 446 3486; x_wconf 83' lang='lat' dir='ltr'><strong>tuunt,</strong></span> <span class='ocrx_word' id='word_1_17' title='bbox 464 3435 649 3476; x_wconf 81' lang='lat' dir='ltr'><strong>motum</strong></span> 
     </span>
     <span class='ocr_line' id='line_1_10' title="bbox 286 3492 650 3556; baseline 0.005 -17"><span class='ocrx_word' id='word_1_18' title='bbox 286 3492 464 3540; x_wconf 80' lang='lat' dir='ltr'><strong>habent</strong></span> <span class='ocrx_word' id='word_1_19' title='bbox 483 3493 533 3540; x_wconf 88' lang='lat' dir='ltr'><strong>in</strong></span> <span class='ocrx_word' id='word_1_20' title='bbox 551 3509 650 3556; x_wconf 87' lang='lat' dir='ltr'><strong>par-</strong></span> 
     </span>
     <span class='ocr_line' id='line_1_11' title="bbox 289 3557 650 3608; baseline 0.008 -4"><span class='ocrx_word' id='word_1_21' title='bbox 289 3557 416 3605; x_wconf 81' lang='lat' dir='ltr'><strong>tibus</strong></span> <span class='ocrx_word' id='word_1_22' title='bbox 431 3558 650 3608; x_wconf 78' lang='lat' dir='ltr'><strong>internis.</strong></span> 
     </span>
    </p>
   </div>
   <div class='ocr_carea' id='block_1_5' title="bbox 686 444 2266 508">
    <p class='ocr_par' dir='ltr' id='par_1_5' title="bbox 686 444 2266 508">
     <span class='ocr_line' id='line_1_12' title="bbox 686 444 2266 508; baseline -0.004 0"><span class='ocrx_word' id='word_1_23' title='bbox 686 444 832 508; x_wconf 83' lang='lat'><strong>280</strong></span> <span class='ocrx_word' id='word_1_24' title='bbox 1175 457 1277 506; x_wconf 77' lang='lat' dir='ltr'><strong>nn</strong></span> <span class='ocrx_word' id='word_1_25' title='bbox 1321 456 1834 507; x_wconf 77' lang='lat' dir='ltr'>RAT10NIBUS</span> <span class='ocrx_word' id='word_1_26' title='bbox 1876 451 2266 506; x_wconf 76' lang='lat' dir='ltr'><strong>Mo‘rUUM.</strong></span> 
     </span>
    </p>
   </div>
   <div class='ocr_carea' id='block_1_6' title="bbox 676 616 2768 4456">
    <p class='ocr_par' dir='ltr' id='par_1_6' title="bbox 677 616 2767 923">
     <span class='ocr_line' id='line_1_13' title="bbox 677 616 2766 721; baseline -0.004 -25"><span class='ocrx_word' id='word_1_27' title='bbox 677 624 1019 721; x_wconf 81' lang='lat' dir='ltr'><strong>aequaleS.</strong></span> <span class='ocrx_word' id='word_1_28' title='bbox 1124 624 1242 696; x_wconf 90' lang='lat' dir='ltr'><strong>Fit</strong></span> <span class='ocrx_word' id='word_1_29' title='bbox 1310 648 1487 721; x_wconf 85' lang='lat' dir='ltr'><strong>ergo</strong></span> <span class='ocrx_word' id='word_1_30' title='bbox 1544 648 1590 696; x_wconf 95' lang='lat' dir='ltr'><strong>a</strong></span> <span class='ocrx_word' id='word_1_31' title='bbox 1646 622 1982 720; x_wconf 87' lang='lat' dir='ltr'><strong>partibus</strong></span> <span class='ocrx_word' id='word_1_32' title='bbox 2048 620 2222 693; x_wconf 87' lang='lat' dir='ltr'><strong>flexi</strong></span> <span class='ocrx_word' id='word_1_33' title='bbox 2287 616 2766 692; x_wconf 87' lang='lat' dir='ltr'><strong>interioribus</strong></span> 
     </span>
     <span class='ocr_line' id='line_1_14' title="bbox 678 731 2767 823; baseline -0.005 -12"><span class='ocrx_word' id='word_1_34' title='bbox 678 737 1006 811; x_wconf 83' lang='lat' dir='ltr'><strong>accessio</strong></span> <span class='ocrx_word' id='word_1_35' title='bbox 1062 735 1158 809; x_wconf 92' lang='lat' dir='ltr'><strong>ad</strong></span> <span class='ocrx_word' id='word_1_36' title='bbox 1212 737 1659 820; x_wconf 82' lang='lat' dir='ltr'><strong>exteriores3</strong></span> <span class='ocrx_word' id='word_1_37' title='bbox 1713 748 1790 809; x_wconf 93' lang='lat' dir='ltr'><strong>et</strong></span> <span class='ocrx_word' id='word_1_38' title='bbox 1825 748 2109 823; x_wconf 90' lang='lat' dir='ltr'><strong>contra,</strong></span> <span class='ocrx_word' id='word_1_39' title='bbox 2144 733 2220 806; x_wconf 88' lang='lat' dir='ltr'><strong>in</strong></span> <span class='ocrx_word' id='word_1_40' title='bbox 2272 731 2632 818; x_wconf 85' lang='lat' dir='ltr'><strong>tensione,</strong></span> <span class='ocrx_word' id='word_1_41' title='bbox 2670 731 2767 802; x_wconf 89' lang='lat' dir='ltr'><strong>ab</strong></span> 
     </span>
     <span class='ocr_line' id='line_1_15' title="bbox 679 841 1745 923; baseline 0 -1"><span class='ocrx_word' id='word_1_42' title='bbox 679 850 1166 923; x_wconf 85' lang='lat' dir='ltr'><strong>exterioribus</strong></span> <span class='ocrx_word' id='word_1_43' title='bbox 1202 850 1296 923; x_wconf 89' lang='lat' dir='ltr'><strong>ad</strong></span> <span class='ocrx_word' id='word_1_44' title='bbox 1330 841 1745 923; x_wconf 73' lang='lat' dir='ltr'><strong>interiores.</strong></span> 
     </span>
    </p>

    <p class='ocr_par' dir='ltr' id='par_1_7' title="bbox 679 956 2768 1376">
     <span class='ocr_line' id='line_1_16' title="bbox 780 956 2768 1060; baseline -0.005 -24"><span class='ocrx_word' id='word_1_45' title='bbox 780 965 889 1036; x_wconf 88' lang='lat' dir='ltr'><strong>Ea</strong></span> <span class='ocrx_word' id='word_1_46' title='bbox 920 977 1192 1053; x_wconf 90' lang='lat' dir='ltr'><strong>autem,</strong></span> <span class='ocrx_word' id='word_1_47' title='bbox 1250 989 1413 1060; x_wconf 86' lang='lat' dir='ltr'><strong>quae</strong></span> <span class='ocrx_word' id='word_1_48' title='bbox 1474 963 2125 1060; x_wconf 82' lang='lat' dir='ltr'><strong>transpositionem</strong></span> <span class='ocrx_word' id='word_1_49' title='bbox 2183 959 2506 1055; x_wconf 85' lang='lat' dir='ltr'><strong>partium</strong></span> <span class='ocrx_word' id='word_1_50' title='bbox 2541 956 2768 1029; x_wconf 87' lang='lat' dir='ltr'><strong>talem</strong></span> 
     </span>
     <span class='ocr_line' id='line_1_17' title="bbox 679 1073 2765 1175; baseline -0.004 -25"><span class='ocrx_word' id='word_1_51' title='bbox 679 1077 922 1150; x_wconf 91' lang='lat' dir='ltr'><strong>minus</strong></span> <span class='ocrx_word' id='word_1_52' title='bbox 975 1078 1190 1152; x_wconf 87' lang='lat' dir='ltr'><strong>facile</strong></span> <span class='ocrx_word' id='word_1_53' title='bbox 1251 1078 1661 1173; x_wconf 91' lang='lat' dir='ltr'><strong>patiuntur,</strong></span> <span class='ocrx_word' id='word_1_54' title='bbox 1689 1076 2050 1175; x_wconf 81' lang='lat' dir='ltr'><strong>fragilia</strong></span> <span class='ocrx_word' id='word_1_55' title='bbox 2086 1073 2589 1170; x_wconf 82' lang='lat' dir='ltr'><strong>appellantur3</strong></span> <span class='ocrx_word' id='word_1_56' title='bbox 2663 1083 2765 1157; x_wconf 90' lang='lat' dir='ltr'><strong>et,</strong></span> 
     </span>
     <span class='ocr_line' id='line_1_18' title="bbox 680 1187 2766 1286; baseline -0.004 -23"><span class='ocrx_word' id='word_1_57' title='bbox 680 1215 830 1264; x_wconf 92' lang='lat' dir='ltr'><strong>non</strong></span> <span class='ocrx_word' id='word_1_58' title='bbox 915 1191 1057 1263; x_wconf 91' lang='lat' dir='ltr'><strong>nisi</strong></span> <span class='ocrx_word' id='word_1_59' title='bbox 1131 1215 1400 1286; x_wconf 82' lang='lat' dir='ltr'><strong>magna</strong></span> <span class='ocrx_word' id='word_1_60' title='bbox 1470 1191 1542 1263; x_wconf 85' lang='lat' dir='ltr'><strong>vi</strong></span> <span class='ocrx_word' id='word_1_61' title='bbox 1610 1189 1999 1278; x_wconf 89' lang='lat' dir='ltr'><strong>flectenda,</strong></span> <span class='ocrx_word' id='word_1_62' title='bbox 2086 1187 2469 1261; x_wconf 86' lang='lat' dir='ltr'><strong>subitaneo</strong></span> <span class='ocrx_word' id='word_1_63' title='bbox 2556 1195 2766 1255; x_wconf 88' lang='lat' dir='ltr'><strong>motu</strong></span> 
     </span>
     <span class='ocr_line' id='line_1_19' title="bbox 683 1302 1075 1376; baseline 0 -1"><span class='ocrx_word' id='word_1_64' title='bbox 683 1302 1075 1376; x_wconf 89' lang='lat' dir='ltr'><strong>dissiliunt.</strong></span> 
     </span>
    </p>

    <p class='ocr_par' dir='ltr' id='par_1_8' title="bbox 678 1409 2767 3188">
     <span class='ocr_line' id='line_1_20' title="bbox 792 1409 2767 1512; baseline -0.005 -24"><span class='ocrx_word' id='word_1_65' title='bbox 792 1425 903 1490; x_wconf 87' lang='lat'><strong>12.</strong></span> <span class='ocrx_word' id='word_1_66' title='bbox 958 1415 1460 1512; x_wconf 87' lang='lat' dir='ltr'><strong>Distinguitur</strong></span> <span class='ocrx_word' id='word_1_67' title='bbox 1526 1415 1706 1486; x_wconf 91' lang='lat' dir='ltr'><strong>item</strong></span> <span class='ocrx_word' id='word_1_68' title='bbox 1767 1425 2013 1486; x_wconf 90' lang='lat' dir='ltr'><strong>motus</strong></span> <span class='ocrx_word' id='word_1_69' title='bbox 2066 1413 2144 1484; x_wconf 90' lang='lat' dir='ltr'><strong>in</strong></span> <span class='ocrx_word' id='word_1_70' title='bbox 2197 1409 2620 1509; x_wconf 69' lang='lat' dir='ltr'><strong>pulsionem</strong></span> <span class='ocrx_word' id='word_1_71' title='bbox 2689 1421 2767 1481; x_wconf 90' lang='lat' dir='ltr'><strong>et</strong></span> 
     </span>
     <span class='ocr_line' id='line_1_21' title="bbox 683 1522 2765 1625; baseline -0.003 -25"><span class='ocrx_word' id='word_1_72' title='bbox 683 1529 1150 1601; x_wconf 79' lang='lat' dir='ltr'><strong>tractionem.</strong></span> <span class='ocrx_word' id='word_1_73' title='bbox 1254 1529 1350 1600; x_wconf 90' lang='lat' dir='ltr'><strong>Et</strong></span> <span class='ocrx_word' id='word_1_74' title='bbox 1395 1527 1657 1625; x_wconf 64' lang='lat' dir='ltr'><strong>pulsio</strong></span> <span class='ocrx_word' id='word_1_75' title='bbox 1715 1526 2033 1622; x_wconf 91' lang='lat' dir='ltr'><strong>quidem,</strong></span> <span class='ocrx_word' id='word_1_76' title='bbox 2087 1536 2175 1596; x_wconf 93' lang='lat' dir='ltr'><strong>ut</strong></span> <span class='ocrx_word' id='word_1_77' title='bbox 2229 1536 2402 1596; x_wconf 87' lang='lat' dir='ltr'><strong>ante</strong></span> <span class='ocrx_word' id='word_1_78' title='bbox 2439 1547 2600 1595; x_wconf 85' lang='lat' dir='ltr'><strong>eam</strong></span> <span class='ocrx_word' id='word_1_79' title='bbox 2639 1522 2765 1594; x_wconf 92' lang='lat' dir='ltr'><strong>de-</strong></span> 
     </span>
     <span class='ocr_line' id='line_1_22' title="bbox 680 1635 2767 1736; baseline -0.003 -23"><span class='ocrx_word' id='word_1_80' title='bbox 680 1641 1074 1729; x_wconf 77' lang='lat' dir='ltr'><strong>finivimuS‚</strong></span> <span class='ocrx_word' id='word_1_81' title='bbox 1112 1653 1226 1713; x_wconf 89' lang='lat' dir='ltr'><strong>est</strong></span> <span class='ocrx_word' id='word_1_82' title='bbox 1262 1640 1557 1736; x_wconf 92' lang='lat' dir='ltr'><strong>quando</strong></span> <span class='ocrx_word' id='word_1_83' title='bbox 1614 1639 1714 1729; x_wconf 92' lang='lat' dir='ltr'><strong>id,</strong></span> <span class='ocrx_word' id='word_1_84' title='bbox 1753 1639 1956 1736; x_wconf 89' lang='lat' dir='ltr'><strong>quod</strong></span> <span class='ocrx_word' id='word_1_85' title='bbox 1986 1650 2348 1726; x_wconf 85' lang='lat' dir='ltr'><strong>movetur,</strong></span> <span class='ocrx_word' id='word_1_86' title='bbox 2392 1635 2767 1709; x_wconf 84' lang='lat' dir='ltr'><strong>antecedit</strong></span> 
     </span>
     <span class='ocr_line' id='line_1_23' title="bbox 681 1749 2762 1850; baseline -0.003 -23"><span class='ocrx_word' id='word_1_87' title='bbox 681 1754 760 1827; x_wconf 93' lang='lat' dir='ltr'><strong>id</strong></span> <span class='ocrx_word' id='word_1_88' title='bbox 829 1754 1028 1850; x_wconf 91' lang='lat' dir='ltr'><strong>quod</strong></span> <span class='ocrx_word' id='word_1_89' title='bbox 1094 1766 1366 1827; x_wconf 84' lang='lat' dir='ltr'><strong>movet.</strong></span> <span class='ocrx_word' id='word_1_90' title='bbox 1499 1752 1810 1825; x_wconf 80' lang='lat' dir='ltr'><strong>Tractio</strong></span> <span class='ocrx_word' id='word_1_91' title='bbox 1877 1776 2053 1824; x_wconf 84' lang='lat' dir='ltr'><strong>vero</strong></span> <span class='ocrx_word' id='word_1_92' title='bbox 2123 1762 2406 1838; x_wconf 90' lang='lat' dir='ltr'><strong>contra,</strong></span> <span class='ocrx_word' id='word_1_93' title='bbox 2468 1749 2762 1845; x_wconf 88' lang='lat' dir='ltr'><strong>quando</strong></span> 
     </span>
     <span class='ocr_line' id='line_1_24' title="bbox 682 1863 2764 1941; baseline -0.002 -2"><span class='ocrx_word' id='word_1_94' title='bbox 682 1892 986 1940; x_wconf 84' lang='lat' dir='ltr'><strong>movens</strong></span> <span class='ocrx_word' id='word_1_95' title='bbox 1028 1867 1404 1941; x_wconf 86' lang='lat' dir='ltr'><strong>antecedit</strong></span> <span class='ocrx_word' id='word_1_96' title='bbox 1458 1878 1766 1939; x_wconf 93' lang='lat' dir='ltr'><strong>motum.</strong></span> <span class='ocrx_word' id='word_1_97' title='bbox 1871 1866 2375 1937; x_wconf 89' lang='lat' dir='ltr'><strong>Veruntamen</strong></span> <span class='ocrx_word' id='word_1_98' title='bbox 2410 1863 2764 1935; x_wconf 89' lang='lat' dir='ltr'><strong>attentius</strong></span> 
     </span>
     <span class='ocr_line' id='line_1_25' title="bbox 681 1976 2764 2077; baseline -0.003 -23"><span class='ocrx_word' id='word_1_99' title='bbox 681 1981 1319 2054; x_wconf 88' lang='lat' dir='ltr'><strong>considerantibus</strong></span> <span class='ocrx_word' id='word_1_100' title='bbox 1340 1980 1637 2053; x_wconf 87' lang='lat' dir='ltr'><strong>videtur</strong></span> <span class='ocrx_word' id='word_1_101' title='bbox 1657 2003 1816 2053; x_wconf 90' lang='lat' dir='ltr'><strong>esse</strong></span> <span class='ocrx_word' id='word_1_102' title='bbox 1836 1978 2121 2077; x_wconf 73' lang='lat' dir='ltr'><strong>pulsio,</strong></span> <span class='ocrx_word' id='word_1_103' title='bbox 2226 1978 2418 2050; x_wconf 92' lang='lat' dir='ltr'><strong>Nam</strong></span> <span class='ocrx_word' id='word_1_104' title='bbox 2454 1976 2764 2049; x_wconf 88' lang='lat' dir='ltr'><strong>duarum</strong></span> 
     </span>
     <span class='ocr_line' id='line_1_26' title="bbox 680 2090 2764 2191; baseline -0.003 -24"><span class='ocrx_word' id='word_1_105' title='bbox 680 2095 1002 2191; x_wconf 90' lang='lat' dir='ltr'><strong>partium</strong></span> <span class='ocrx_word' id='word_1_106' title='bbox 1037 2094 1368 2191; x_wconf 87' lang='lat' dir='ltr'><strong>corporis</strong></span> <span class='ocrx_word' id='word_1_107' title='bbox 1404 2092 1591 2181; x_wconf 86' lang='lat' dir='ltr'><strong>duri,</strong></span> <span class='ocrx_word' id='word_1_108' title='bbox 1632 2093 1804 2165; x_wconf 90' lang='lat' dir='ltr'><strong>dum</strong></span> <span class='ocrx_word' id='word_1_109' title='bbox 1860 2091 2188 2164; x_wconf 88' lang='lat' dir='ltr'><strong>anterior</strong></span> <span class='ocrx_word' id='word_1_110' title='bbox 2233 2090 2445 2186; x_wconf 92' lang='lat' dir='ltr'><strong>pellit</strong></span> <span class='ocrx_word' id='word_1_111' title='bbox 2476 2101 2650 2162; x_wconf 87' lang='lat' dir='ltr'><strong>ante</strong></span> <span class='ocrx_word' id='word_1_112' title='bbox 2686 2114 2764 2162; x_wconf 92' lang='lat' dir='ltr'><strong>se</strong></span> 
     </span>
     <span class='ocr_line' id='line_1_27' title="bbox 681 2203 2766 2304; baseline -0.002 -25"><span class='ocrx_word' id='word_1_113' title='bbox 681 2207 1005 2280; x_wconf 90' lang='lat' dir='ltr'><strong>medium</strong></span> <span class='ocrx_word' id='word_1_114' title='bbox 1065 2208 1139 2279; x_wconf 90' lang='lat' dir='ltr'><strong>in</strong></span> <span class='ocrx_word' id='word_1_115' title='bbox 1198 2231 1343 2304; x_wconf 90' lang='lat' dir='ltr'><strong>quo</strong></span> <span class='ocrx_word' id='word_1_116' title='bbox 1399 2208 1486 2279; x_wconf 91' lang='lat' dir='ltr'><strong>fit</strong></span> <span class='ocrx_word' id='word_1_117' title='bbox 1513 2218 1785 2296; x_wconf 82' lang='lat' dir='ltr'><strong>motuS,</strong></span> <span class='ocrx_word' id='word_1_118' title='bbox 1841 2206 1919 2277; x_wconf 91' lang='lat' dir='ltr'><strong>id</strong></span> <span class='ocrx_word' id='word_1_119' title='bbox 1956 2205 2154 2302; x_wconf 90' lang='lat' dir='ltr'><strong>quod</strong></span> <span class='ocrx_word' id='word_1_120' title='bbox 2206 2204 2505 2301; x_wconf 87' lang='lat' dir='ltr'><strong>pellitur</strong></span> <span class='ocrx_word' id='word_1_121' title='bbox 2556 2203 2766 2298; x_wconf 89' lang='lat' dir='ltr'><strong>pellit</strong></span> 
     </span>
     <span class='ocr_line' id='line_1_28' title="bbox 681 2316 2767 2413; baseline -0.002 -19"><span class='ocrx_word' id='word_1_122' title='bbox 681 2320 904 2410; x_wconf 87' lang='lat' dir='ltr'><strong>aliud,</strong></span> <span class='ocrx_word' id='word_1_123' title='bbox 941 2332 1018 2393; x_wconf 91' lang='lat' dir='ltr'><strong>et</strong></span> <span class='ocrx_word' id='word_1_124' title='bbox 1050 2320 1194 2393; x_wconf 90' lang='lat' dir='ltr'><strong>hoc</strong></span> <span class='ocrx_word' id='word_1_125' title='bbox 1228 2343 1482 2392; x_wconf 88' lang='lat' dir='ltr'><strong>rursus</strong></span> <span class='ocrx_word' id='word_1_126' title='bbox 1516 2316 1741 2405; x_wconf 87' lang='lat' dir='ltr'><strong>alind,</strong></span> <span class='ocrx_word' id='word_1_127' title='bbox 1778 2332 1856 2391; x_wconf 88' lang='lat' dir='ltr'><strong>et</strong></span> <span class='ocrx_word' id='word_1_128' title='bbox 1889 2318 1993 2391; x_wconf 89' lang='lat' dir='ltr'><strong>sic</strong></span> <span class='ocrx_word' id='word_1_129' title='bbox 2030 2318 2398 2412; x_wconf 87' lang='lat' dir='ltr'><strong>deinceps.</strong></span> <span class='ocrx_word' id='word_1_130' title='bbox 2502 2317 2589 2389; x_wconf 90' lang='lat' dir='ltr'><strong>In</strong></span> <span class='ocrx_word' id='word_1_131' title='bbox 2619 2341 2767 2413; x_wconf 84' lang='lat' dir='ltr'><strong>qua</strong></span> 
     </span>
     <span class='ocr_line' id='line_1_29' title="bbox 681 2431 2764 2530; baseline -0.002 -24"><span class='ocrx_word' id='word_1_132' title='bbox 681 2433 997 2522; x_wconf 90' lang='lat' dir='ltr'><strong>actione,</strong></span> <span class='ocrx_word' id='word_1_133' title='bbox 1085 2433 1466 2530; x_wconf 86' lang='lat' dir='ltr'><strong>supposito</strong></span> <span class='ocrx_word' id='word_1_134' title='bbox 1543 2433 1745 2527; x_wconf 91' lang='lat' dir='ltr'><strong>quod</strong></span> <span class='ocrx_word' id='word_1_135' title='bbox 1829 2433 2037 2505; x_wconf 91' lang='lat' dir='ltr'><strong>locus</strong></span> <span class='ocrx_word' id='word_1_136' title='bbox 2120 2431 2364 2504; x_wconf 91' lang='lat' dir='ltr'><strong>nullus</strong></span> <span class='ocrx_word' id='word_1_137' title='bbox 2452 2453 2764 2525; x_wconf 89' lang='lat' dir='ltr'><strong>corpore</strong></span> 
     </span>
     <span class='ocr_line' id='line_1_30' title="bbox 680 2544 2764 2642; baseline -0.001 -23"><span class='ocrx_word' id='word_1_138' title='bbox 680 2572 956 2621; x_wconf 86' lang='lat' dir='ltr'><strong>vacuus</strong></span> <span class='ocrx_word' id='word_1_139' title='bbox 986 2547 1105 2636; x_wconf 93' lang='lat' dir='ltr'><strong>sit,</strong></span> <span class='ocrx_word' id='word_1_140' title='bbox 1143 2571 1442 2620; x_wconf 91' lang='lat' dir='ltr'><strong>necesse</strong></span> <span class='ocrx_word' id='word_1_141' title='bbox 1493 2559 1627 2637; x_wconf 87' lang='lat' dir='ltr'><strong>est,</strong></span> <span class='ocrx_word' id='word_1_142' title='bbox 1681 2546 2035 2620; x_wconf 89' lang='lat' dir='ltr'><strong>continua</strong></span> <span class='ocrx_word' id='word_1_143' title='bbox 2082 2546 2444 2642; x_wconf 91' lang='lat' dir='ltr'><strong>pulsione,</strong></span> <span class='ocrx_word' id='word_1_144' title='bbox 2483 2544 2764 2617; x_wconf 89' lang='lat' dir='ltr'><strong>scilicet</strong></span> 
     </span>
     <span class='ocr_line' id='line_1_31' title="bbox 681 2658 2766 2753; baseline -0.002 -19"><span class='ocrx_word' id='word_1_145' title='bbox 681 2662 881 2735; x_wconf 88' lang='lat' dir='ltr'><strong>facta</strong></span> <span class='ocrx_word' id='word_1_146' title='bbox 913 2661 1226 2734; x_wconf 90' lang='lat' dir='ltr'><strong>actionis</strong></span> <span class='ocrx_word' id='word_1_147' title='bbox 1261 2661 1797 2750; x_wconf 84' lang='lat' dir='ltr'><strong>circumitione,</strong></span> <span class='ocrx_word' id='word_1_148' title='bbox 1832 2673 1918 2732; x_wconf 93' lang='lat' dir='ltr'><strong>ut</strong></span> <span class='ocrx_word' id='word_1_149' title='bbox 1945 2660 2025 2732; x_wconf 92' lang='lat' dir='ltr'><strong>id</strong></span> <span class='ocrx_word' id='word_1_150' title='bbox 2052 2658 2252 2753; x_wconf 92' lang='lat' dir='ltr'><strong>quod</strong></span> <span class='ocrx_word' id='word_1_151' title='bbox 2289 2669 2537 2730; x_wconf 89' lang='lat' dir='ltr'><strong>movet</strong></span> <span class='ocrx_word' id='word_1_152' title='bbox 2568 2658 2766 2753; x_wconf 88' lang='lat' dir='ltr'><strong>parti</strong></span> 
     </span>
     <span class='ocr_line' id='line_1_32' title="bbox 685 2770 2767 2871; baseline -0.002 -24"><span class='ocrx_word' id='word_1_153' title='bbox 685 2775 814 2862; x_wconf 90' lang='lat' dir='ltr'><strong>illi,</strong></span> <span class='ocrx_word' id='word_1_154' title='bbox 847 2799 1010 2871; x_wconf 84' lang='lat' dir='ltr'><strong>quae</strong></span> <span class='ocrx_word' id='word_1_155' title='bbox 1041 2776 1133 2847; x_wconf 91' lang='lat' dir='ltr'><strong>ab</strong></span> <span class='ocrx_word' id='word_1_156' title='bbox 1184 2774 1395 2847; x_wconf 91' lang='lat' dir='ltr'><strong>initio</strong></span> <span class='ocrx_word' id='word_1_157' title='bbox 1450 2799 1601 2847; x_wconf 90' lang='lat' dir='ltr'><strong>non</strong></span> <span class='ocrx_word' id='word_1_158' title='bbox 1635 2774 1810 2870; x_wconf 89' lang='lat' dir='ltr'><strong>pelli</strong></span> <span class='ocrx_word' id='word_1_159' title='bbox 1863 2774 1990 2846; x_wconf 89' lang='lat' dir='ltr'><strong>sed</strong></span> <span class='ocrx_word' id='word_1_160' title='bbox 2045 2773 2238 2845; x_wconf 89' lang='lat' dir='ltr'><strong>trahi</strong></span> <span class='ocrx_word' id='word_1_161' title='bbox 2273 2770 2682 2860; x_wconf 89' lang='lat' dir='ltr'><strong>videbatur,</strong></span> <span class='ocrx_word' id='word_1_162' title='bbox 2721 2795 2767 2843; x_wconf 96' lang='lat' dir='ltr'><strong>a</strong></span> 
     </span>
     <span class='ocr_line' id='line_1_33' title="bbox 686 2887 2765 2984; baseline -0.001 -24"><span class='ocrx_word' id='word_1_163' title='bbox 686 2901 897 2983; x_wconf 78' lang='lat' dir='ltr'><strong>tergo</strong></span> <span class='ocrx_word' id='word_1_164' title='bbox 939 2889 1058 2976; x_wconf 91' lang='lat' dir='ltr'><strong>sit,</strong></span> <span class='ocrx_word' id='word_1_165' title='bbox 1116 2887 1300 2962; x_wconf 91' lang='lat' dir='ltr'><strong>adeo</strong></span> <span class='ocrx_word' id='word_1_166' title='bbox 1346 2900 1432 2960; x_wconf 92' lang='lat' dir='ltr'><strong>ut</strong></span> <span class='ocrx_word' id='word_1_167' title='bbox 1489 2901 1811 2960; x_wconf 87' lang='lat' dir='ltr'><strong>tractum</strong></span> <span class='ocrx_word' id='word_1_168' title='bbox 1846 2887 2238 2960; x_wconf 88' lang='lat' dir='ltr'><strong>antecedat</strong></span> <span class='ocrx_word' id='word_1_169' title='bbox 2289 2888 2445 2984; x_wconf 89' lang='lat' dir='ltr'><strong>jam</strong></span> <span class='ocrx_word' id='word_1_170' title='bbox 2498 2908 2765 2981; x_wconf 85' lang='lat' dir='ltr'><strong>corpus</strong></span> 
     </span>
     <span class='ocr_line' id='line_1_34' title="bbox 681 2999 2766 3099; baseline -0.001 -26"><span class='ocrx_word' id='word_1_171' title='bbox 681 3000 861 3074; x_wconf 93' lang='lat' dir='ltr'><strong>illud</strong></span> <span class='ocrx_word' id='word_1_172' title='bbox 927 3025 973 3074; x_wconf 88' lang='lat' dir='ltr'><strong>a</strong></span> <span class='ocrx_word' id='word_1_173' title='bbox 1040 3026 1184 3098; x_wconf 93' lang='lat' dir='ltr'><strong>quo</strong></span> <span class='ocrx_word' id='word_1_174' title='bbox 1253 3013 1617 3091; x_wconf 83' lang='lat' dir='ltr'><strong>movetur,</strong></span> <span class='ocrx_word' id='word_1_175' title='bbox 1687 3014 1763 3074; x_wconf 91' lang='lat' dir='ltr'><strong>et</strong></span> <span class='ocrx_word' id='word_1_176' title='bbox 1845 2999 2155 3099; x_wconf 89' lang='lat' dir='ltr'><strong>proinde</strong></span> <span class='ocrx_word' id='word_1_177' title='bbox 2239 3000 2529 3096; x_wconf 89' lang='lat' dir='ltr'><strong>pulsum</strong></span> <span class='ocrx_word' id='word_1_178' title='bbox 2612 3022 2766 3071; x_wconf 89' lang='lat' dir='ltr'><strong>non</strong></span> 
     </span>
     <span class='ocr_line' id='line_1_35' title="bbox 678 3125 1169 3188; baseline 0.004 -2"><span class='ocrx_word' id='word_1_179' title='bbox 678 3125 999 3187; x_wconf 90' lang='lat' dir='ltr'><strong>tractum</strong></span> <span class='ocrx_word' id='word_1_180' title='bbox 1034 3127 1169 3188; x_wconf 89' lang='lat' dir='ltr'><strong>est.</strong></span> 
     </span>
    </p>

    <p class='ocr_par' dir='ltr' id='par_1_9' title="bbox 676 3226 2764 4456">
     <span class='ocr_line' id='line_1_36' title="bbox 788 3226 2757 3324; baseline -0.002 -25"><span class='ocrx_word' id='word_1_181' title='bbox 788 3235 899 3299; x_wconf 90' lang='lat'><strong>13.</strong></span> <span class='ocrx_word' id='word_1_182' title='bbox 958 3229 1144 3302; x_wconf 78' lang='lat' dir='ltr'><strong>Quae</strong></span> <span class='ocrx_word' id='word_1_183' title='bbox 1181 3228 1465 3301; x_wconf 90' lang='lat' dir='ltr'><strong>dimota</strong></span> <span class='ocrx_word' id='word_1_184' title='bbox 1498 3254 1542 3302; x_wconf 92' lang='lat' dir='ltr'><strong>a</strong></span> <span class='ocrx_word' id='word_1_185' title='bbox 1568 3228 1751 3301; x_wconf 88' lang='lat' dir='ltr'><strong>locis</strong></span> <span class='ocrx_word' id='word_1_186' title='bbox 1788 3228 1937 3301; x_wconf 92' lang='lat' dir='ltr'><strong>suis</strong></span> <span class='ocrx_word' id='word_1_187' title='bbox 1971 3252 2103 3324; x_wconf 88' lang='lat' dir='ltr'><strong>per</strong></span> <span class='ocrx_word' id='word_1_188' title='bbox 2141 3226 2757 3322; x_wconf 86' lang='lat' dir='ltr'><strong>compressionem</strong></span> 
     </span>
     <span class='ocr_line' id='line_1_37' title="bbox 676 3339 2760 3430; baseline 0 -20"><span class='ocrx_word' id='word_1_189' title='bbox 676 3339 794 3411; x_wconf 84' lang='lat' dir='ltr'><strong>vel</strong></span> <span class='ocrx_word' id='word_1_190' title='bbox 830 3341 1247 3414; x_wconf 91' lang='lat' dir='ltr'><strong>tensionem</strong></span> <span class='ocrx_word' id='word_1_191' title='bbox 1281 3342 1356 3414; x_wconf 87' lang='lat' dir='ltr'><strong>vi</strong></span> <span class='ocrx_word' id='word_1_192' title='bbox 1388 3341 1688 3430; x_wconf 88' lang='lat' dir='ltr'><strong>factam,</strong></span> <span class='ocrx_word' id='word_1_193' title='bbox 1726 3354 1802 3413; x_wconf 93' lang='lat' dir='ltr'><strong>et</strong></span> <span class='ocrx_word' id='word_1_194' title='bbox 1836 3365 1923 3413; x_wconf 90' lang='lat' dir='ltr'><strong>ea</strong></span> <span class='ocrx_word' id='word_1_195' title='bbox 1955 3341 2030 3412; x_wconf 84' lang='lat' dir='ltr'><strong>vi</strong></span> <span class='ocrx_word' id='word_1_196' title='bbox 2064 3352 2334 3430; x_wconf 88' lang='lat' dir='ltr'><strong>amota,</strong></span> <span class='ocrx_word' id='word_1_197' title='bbox 2378 3340 2629 3413; x_wconf 90' lang='lat' dir='ltr'><strong>statim</strong></span> <span class='ocrx_word' id='word_1_198' title='bbox 2664 3340 2760 3411; x_wconf 89' lang='lat' dir='ltr'><strong>ad</strong></span> 
     </span>
     <span class='ocr_line' id='line_1_38' title="bbox 678 3452 2762 3550; baseline 0 -26"><span class='ocrx_word' id='word_1_199' title='bbox 678 3452 901 3524; x_wconf 90' lang='lat' dir='ltr'><strong>situm</strong></span> <span class='ocrx_word' id='word_1_200' title='bbox 935 3454 1259 3550; x_wconf 89' lang='lat' dir='ltr'><strong>priorem</strong></span> <span class='ocrx_word' id='word_1_201' title='bbox 1288 3454 1605 3527; x_wconf 88' lang='lat' dir='ltr'><strong>redeunt</strong></span> <span class='ocrx_word' id='word_1_202' title='bbox 1634 3468 1710 3528; x_wconf 91' lang='lat' dir='ltr'><strong>et</strong></span> <span class='ocrx_word' id='word_1_203' title='bbox 1745 3479 1823 3527; x_wconf 91' lang='lat' dir='ltr'><strong>se</strong></span> <span class='ocrx_word' id='word_1_204' title='bbox 1858 3454 2285 3542; x_wconf 87' lang='lat' dir='ltr'><strong>restituunt,</strong></span> <span class='ocrx_word' id='word_1_205' title='bbox 2316 3454 2762 3549; x_wconf 88' lang='lat' dir='ltr'><strong>principium</strong></span> 
     </span>
     <span class='ocr_line' id='line_1_39' title="bbox 677 3566 2759 3662; baseline 0.001 -26"><span class='ocrx_word' id='word_1_206' title='bbox 677 3566 1171 3640; x_wconf 85' lang='lat' dir='ltr'><strong>restitutionis</strong></span> <span class='ocrx_word' id='word_1_207' title='bbox 1241 3592 1392 3640; x_wconf 87' lang='lat' dir='ltr'><strong>suae</strong></span> <span class='ocrx_word' id='word_1_208' title='bbox 1461 3568 1538 3640; x_wconf 90' lang='lat' dir='ltr'><strong>in</strong></span> <span class='ocrx_word' id='word_1_209' title='bbox 1616 3591 1694 3640; x_wconf 92' lang='lat' dir='ltr'><strong>se</strong></span> <span class='ocrx_word' id='word_1_210' title='bbox 1760 3568 2063 3657; x_wconf 90' lang='lat' dir='ltr'><strong>habent,</strong></span> <span class='ocrx_word' id='word_1_211' title='bbox 2142 3591 2408 3662; x_wconf 93' lang='lat' dir='ltr'><strong>nempe</strong></span> <span class='ocrx_word' id='word_1_212' title='bbox 2476 3580 2759 3639; x_wconf 92' lang='lat' dir='ltr'><strong>motum</strong></span> 
     </span>
     <span class='ocr_line' id='line_1_40' title="bbox 679 3679 2764 3776; baseline 0.001 -27"><span class='ocrx_word' id='word_1_213' title='bbox 679 3679 1047 3773; x_wconf 90' lang='lat' dir='ltr'><strong>quendam</strong></span> <span class='ocrx_word' id='word_1_214' title='bbox 1107 3680 1182 3752; x_wconf 90' lang='lat' dir='ltr'><strong>in</strong></span> <span class='ocrx_word' id='word_1_215' title='bbox 1242 3681 1577 3775; x_wconf 90' lang='lat' dir='ltr'><strong>partibus</strong></span> <span class='ocrx_word' id='word_1_216' title='bbox 1658 3681 1992 3770; x_wconf 91' lang='lat' dir='ltr'><strong>internis,</strong></span> <span class='ocrx_word' id='word_1_217' title='bbox 2085 3681 2208 3776; x_wconf 92' lang='lat' dir='ltr'><strong>qui</strong></span> <span class='ocrx_word' id='word_1_218' title='bbox 2270 3693 2451 3754; x_wconf 91' lang='lat' dir='ltr'><strong>tunc</strong></span> <span class='ocrx_word' id='word_1_219' title='bbox 2520 3680 2764 3753; x_wconf 88' lang='lat' dir='ltr'><strong>inerat</strong></span> 
     </span>
     <span class='ocr_line' id='line_1_41' title="bbox 680 3794 2754 3890; baseline 0.001 -28"><span class='ocrx_word' id='word_1_220' title='bbox 680 3815 846 3864; x_wconf 92' lang='lat' dir='ltr'><strong>cum</strong></span> <span class='ocrx_word' id='word_1_221' title='bbox 882 3805 1055 3866; x_wconf 89' lang='lat' dir='ltr'><strong>ante</strong></span> <span class='ocrx_word' id='word_1_222' title='bbox 1097 3794 1247 3866; x_wconf 90' lang='lat' dir='ltr'><strong>vim</strong></span> <span class='ocrx_word' id='word_1_223' title='bbox 1282 3807 1604 3868; x_wconf 90' lang='lat' dir='ltr'><strong>amotam</strong></span> <span class='ocrx_word' id='word_1_224' title='bbox 1657 3808 1870 3868; x_wconf 89' lang='lat' dir='ltr'><strong>erant</strong></span> <span class='ocrx_word' id='word_1_225' title='bbox 1903 3808 2115 3868; x_wconf 91' lang='lat' dir='ltr'><strong>tensa</strong></span> <span class='ocrx_word' id='word_1_226' title='bbox 2147 3795 2263 3867; x_wconf 88' lang='lat' dir='ltr'><strong>vel</strong></span> <span class='ocrx_word' id='word_1_227' title='bbox 2317 3817 2754 3890; x_wconf 88' lang='lat' dir='ltr'><strong>compressa.</strong></span> 
     </span>
     <span class='ocr_line' id='line_1_42' title="bbox 678 3905 2757 3991; baseline 0.001 -15"><span class='ocrx_word' id='word_1_228' title='bbox 678 3905 812 3976; x_wconf 90' lang='lat' dir='ltr'><strong>Est</strong></span> <span class='ocrx_word' id='word_1_229' title='bbox 881 3906 1078 3978; x_wconf 90' lang='lat' dir='ltr'><strong>enim</strong></span> <span class='ocrx_word' id='word_1_230' title='bbox 1148 3908 1524 3980; x_wconf 83' lang='lat' dir='ltr'><strong>restitutio</strong></span> <span class='ocrx_word' id='word_1_231' title='bbox 1597 3908 1721 3980; x_wconf 90' lang='lat' dir='ltr'><strong>illa</strong></span> <span class='ocrx_word' id='word_1_232' title='bbox 1790 3921 2086 3991; x_wconf 90' lang='lat' dir='ltr'><strong>motus;</strong></span> <span class='ocrx_word' id='word_1_233' title='bbox 2162 3908 2441 3981; x_wconf 84' lang='lat' dir='ltr'><strong>moveri</strong></span> <span class='ocrx_word' id='word_1_234' title='bbox 2508 3920 2757 3981; x_wconf 89' lang='lat' dir='ltr'><strong>autem</strong></span> 
     </span>
     <span class='ocr_line' id='line_1_43' title="bbox 680 4018 2753 4118; baseline 0.003 -30"><span class='ocrx_word' id='word_1_235' title='bbox 680 4018 881 4112; x_wconf 92' lang='lat' dir='ltr'><strong>quod</strong></span> <span class='ocrx_word' id='word_1_236' title='bbox 915 4020 1249 4114; x_wconf 89' lang='lat' dir='ltr'><strong>quiescit,</strong></span> <span class='ocrx_word' id='word_1_237' title='bbox 1288 4022 1444 4093; x_wconf 90' lang='lat' dir='ltr'><strong>sine</strong></span> <span class='ocrx_word' id='word_1_238' title='bbox 1479 4034 1823 4094; x_wconf 90' lang='lat' dir='ltr'><strong>movente</strong></span> <span class='ocrx_word' id='word_1_239' title='bbox 1871 4034 2075 4096; x_wconf 93' lang='lat' dir='ltr'><strong>moto</strong></span> <span class='ocrx_word' id='word_1_240' title='bbox 2114 4034 2191 4094; x_wconf 90' lang='lat' dir='ltr'><strong>et</strong></span> <span class='ocrx_word' id='word_1_241' title='bbox 2218 4022 2570 4118; x_wconf 85' lang='lat' dir='ltr'><strong>contiguo</strong></span> <span class='ocrx_word' id='word_1_242' title='bbox 2606 4046 2753 4094; x_wconf 90' lang='lat' dir='ltr'><strong>non</strong></span> 
     </span>
     <span class='ocr_line' id='line_1_44' title="bbox 679 4133 2757 4232; baseline 0.003 -31"><span class='ocrx_word' id='word_1_243' title='bbox 679 4142 951 4224; x_wconf 91' lang='lat' dir='ltr'><strong>potest.</strong></span> <span class='ocrx_word' id='word_1_244' title='bbox 1056 4133 1328 4207; x_wconf 87' lang='lat' dir='ltr'><strong>Ablata</strong></span> <span class='ocrx_word' id='word_1_245' title='bbox 1389 4147 1639 4207; x_wconf 89' lang='lat' dir='ltr'><strong>autem</strong></span> <span class='ocrx_word' id='word_1_246' title='bbox 1691 4135 1764 4207; x_wconf 91' lang='lat' dir='ltr'><strong>vi</strong></span> <span class='ocrx_word' id='word_1_247' title='bbox 1817 4135 1968 4208; x_wconf 84' lang='lat' dir='ltr'><strong>sive</strong></span> <span class='ocrx_word' id='word_1_248' title='bbox 2022 4135 2552 4232; x_wconf 90' lang='lat' dir='ltr'><strong>comprimente</strong></span> <span class='ocrx_word' id='word_1_249' title='bbox 2605 4135 2757 4208; x_wconf 92' lang='lat' dir='ltr'><strong>sive</strong></span> 
     </span>
     <span class='ocr_line' id='line_1_45' title="bbox 680 4242 2756 4339; baseline 0.004 -26"><span class='ocrx_word' id='word_1_250' title='bbox 680 4242 1057 4336; x_wconf 90' lang='lat' dir='ltr'><strong>tendente,</strong></span> <span class='ocrx_word' id='word_1_251' title='bbox 1115 4271 1337 4319; x_wconf 90' lang='lat' dir='ltr'><strong>causa</strong></span> <span class='ocrx_word' id='word_1_252' title='bbox 1401 4259 1650 4320; x_wconf 89' lang='lat' dir='ltr'><strong>tamen</strong></span> <span class='ocrx_word' id='word_1_253' title='bbox 1706 4249 1907 4322; x_wconf 88' lang='lat' dir='ltr'><strong>nulla</strong></span> <span class='ocrx_word' id='word_1_254' title='bbox 1959 4249 2210 4339; x_wconf 88' lang='lat' dir='ltr'><strong>existit</strong></span> <span class='ocrx_word' id='word_1_255' title='bbox 2263 4249 2756 4321; x_wconf 88' lang='lat' dir='ltr'><strong>restitutionis</strong></span> 
     </span>
     <span class='ocr_line' id='line_1_46' title="bbox 682 4358 2752 4456; baseline 0.004 -29"><span class='ocrx_word' id='word_1_256' title='bbox 682 4379 781 4428; x_wconf 86' lang='lat' dir='ltr'><strong>ex</strong></span> <span class='ocrx_word' id='word_1_257' title='bbox 854 4358 1012 4453; x_wconf 86' lang='lat' dir='ltr'><strong>ipsa</strong></span> <span class='ocrx_word' id='word_1_258' title='bbox 1081 4362 1632 4456; x_wconf 90' lang='lat' dir='ltr'><strong>comprimentis</strong></span> <span class='ocrx_word' id='word_1_259' title='bbox 1699 4363 1816 4436; x_wconf 84' lang='lat' dir='ltr'><strong>vel</strong></span> <span class='ocrx_word' id='word_1_260' title='bbox 1901 4363 2273 4437; x_wconf 88' lang='lat' dir='ltr'><strong>tendentis</strong></span> <span class='ocrx_word' id='word_1_261' title='bbox 2358 4363 2752 4437; x_wconf 88' lang='lat' dir='ltr'><strong>ablatione.</strong></span> 
     </span>
    </p>
   </div>
  </div>
 </body>
</html>
