3182 5102
700 473 795 539 68
1167 490 1694 543 οοΜΡυΤΑΤιο
1736 492 1923 544 slvn
1964 490 2287 544 LoGICA.

369 655 542 704 PARS
578 655 622 707 ¹·
701 656 980 729 tionem
1039 669 1168 730 aut
1226 658 1769 749 refractionem,
1832 685 1984 733 non
2040 661 2183 733 erit
2244 657 2589 756 splendor
2648 658 2773 731 ille

377 791 623 825 r-ss-2
702 793 943 866 neque
970 794 1329 867 apparens
1355 772 1480 845 illa
1505 773 1940 870 magnitudo
1968 773 2048 845 in
2074 773 2236 869 ipso
2264 772 2440 845 sole.
2511 772 2771 867 Itaque

703 906 970 978 corpus
997 883 1239 956 solare
1287 909 1439 958 non
1474 886 1618 958 erit
1665 885 2076 982 splendoris
2118 897 2195 958 et
2241 883 2771 980 magnitudinis

701 994 895 1068 illius
931 998 1342 1092 subjectum
1375 1029 1393 1082 3
1466 1010 1542 1072 et
1575 1010 1881 1095 propter
1914 998 2209 1072 easdem
2244 997 2566 1071 rationes
2601 996 2773 1092 reji-

700 1108 938 1182 cietur
971 1135 1263 1206 quoque
1292 1117 1443 1201 aer,
1473 1112 1783 1208 aliaque,
1822 1113 2058 1184 donec
2082 1111 2538 1207 relinquatur
2563 1109 2771 1199 nihil,

705 1221 903 1317 quod
938 1222 1370 1319 splendoriS,
1405 1238 1537 1298 aut
1568 1224 2099 1321 magnitudinis
2134 1224 2328 1297 illius
2358 1224 2770 1319 subjectum

704 1357 861 1407 esse
889 1337 1124 1431 possit
1145 1350 1417 1434 praeter
1443 1339 1684 1434 ipsum
1711 1338 2059 1411 sentiens,
2165 1338 2353 1412 Quae
2378 1336 2771 1409 methodus

703 1460 1061 1543 quatenus
1097 1451 1255 1546 subj
1264 1462 1510 1523 ectum
1540 1450 1622 1524 in
1654 1461 1903 1547 partes
1941 1449 2316 1539 dividitur,
2352 1448 2720 1545 analytica
2748 1478 2770 1531 ;

700 1573 1063 1657 quatenus
1126 1564 1438 1660 subjecti
1492 1577 1568 1637 et
1614 1563 2020 1637 accidentis
2064 1564 2555 1660 proprietates
2603 1585 2770 1633 cum

698 1675 858 1770 ipso
900 1677 1280 1751 accidente
1325 1679 1531 1773 cujus
1574 1679 1733 1774 subj
1742 1688 1987 1751 ectum
2032 1677 2428 1772 quaerimus
2477 1699 2769 1770 compa-

697 1800 980 1878 rantur,
1017 1789 1434 1885 synthetica
1468 1801 1606 1862 est.

808 1911 919 1976 10.
974 1903 1291 1978 Quando
1313 1928 1489 1976 vero
1513 1905 1817 1976 effectus
1839 1902 2146 1999 alicujus
2168 1901 2528 1999 propositi
2551 1924 2774 1973 causa

698 2015 1210 2112 investiganda
1243 2029 1379 2107 est,
1410 2028 1584 2090 ante
1614 2017 1881 2107 omnia,
1915 2014 2311 2113 cogitanda
2333 2028 2413 2088 et
2440 2038 2767 2111 compre-

698 2129 1087 2203 hendenda
1128 2131 1373 2204 animo
1419 2142 1533 2203 est
1566 2132 1725 2226 ejus
1759 2130 1867 2202 rei
1903 2154 2065 2226 quae
2107 2153 2327 2202 causa
2359 2128 2771 2225 appellatur

697 2244 905 2316 notio
941 2243 1093 2316 sive
1128 2244 1294 2316 idea
1325 2244 1657 2340 perfecta
1686 2275 1705 2327 ;
1763 2243 2109 2315 nimirum
2145 2241 2345 2337 quod
2371 2266 2601 2314 causa
2629 2250 2771 2329 est,

696 2380 973 2428 summa
1006 2356 1163 2429 sive
1196 2366 1707 2455 aggregatum
1741 2356 2239 2430 accidentium
2273 2354 2583 2426 omnium
2617 2363 2770 2426 tam

697 2468 775 2541 in
828 2468 1251 2567 agentibus,
1312 2494 1533 2567 quam
1584 2469 1662 2541 in
1709 2469 2082 2567 patiente,
2142 2467 2252 2539 ad
2300 2466 2770 2565 propositum

695 2584 1034 2678 effectum
1090 2582 1707 2674 concurrentium,
1752 2581 2018 2680 quibus
2067 2580 2397 2654 omnibus
2444 2581 2769 2653 existen-

697 2695 896 2769 tibus
949 2695 1287 2790 effectum
1347 2720 1490 2767 non
1544 2695 1900 2785 existere,
1956 2694 2076 2768 vel
2129 2692 2460 2792 quolibet
2519 2718 2769 2766 eorum

696 2834 840 2881 uno
875 2808 1181 2881 absente
1215 2808 1567 2899 existere,
1598 2807 1935 2907 intelligi
1969 2833 2110 2881 non
2135 2816 2421 2906 potest.

797 2922 1115 3018 Cognito
1167 2933 1437 3011 autem,
1499 2921 1678 3018 quid
1739 2946 1960 2995 causa
2012 2922 2132 3010 sit,
2193 2920 2771 3016 unumquodque

699 3036 1038 3108 accidens
1066 3034 1410 3108 effectum
1439 3035 1967 3124 concomitanS,
1997 3034 2113 3107 vel
2140 3032 2564 3130 praecedens
2591 3057 2769 3129 qua-

697 3159 938 3237 tenuS,
975 3148 1344 3221 videbitur
1367 3148 1464 3219 ad
1498 3149 1841 3220 effectum
1875 3147 2119 3243 aliquo
2147 3145 2369 3218 modo
2397 3145 2769 3241 pertinere

698 3260 1072 3356 sigillatim
1115 3257 1680 3332 examinandum
1727 3270 1864 3347 est,
1914 3257 2481 3353 videndumque,
2517 3267 2769 3329 utrum

696 3373 820 3446 illo
892 3398 1043 3447 non
1120 3374 1480 3446 existente
1557 3372 1981 3468 propositus
2066 3372 2370 3444 effectus
2452 3369 2767 3443 existere

696 3486 1009 3582 intelligi
1041 3487 1276 3583 possit
1307 3507 1541 3559 necne
1574 3515 1594 3570 ;
1665 3496 1886 3581 atque
1921 3484 2063 3557 hoc
2096 3481 2316 3556 modo
2353 3505 2441 3554 ea
2473 3506 2638 3579 quae
2671 3484 2769 3556 ad

697 3602 1039 3675 effectum
1075 3599 1632 3697 producendum
1660 3608 2136 3686 concurrunt,
2173 3597 2264 3670 ab
2300 3596 2390 3669 iis
2425 3619 2767 3694 segrega-

694 3714 974 3786 buntur
1018 3738 1179 3810 quae
1220 3738 1372 3786 non
1417 3723 1890 3786 concurrunt.
2008 3712 2176 3786 Quo
2221 3709 2421 3783 facto
2472 3734 2560 3783 ea
2603 3735 2766 3806 quae

699 3837 1150 3898 concurrunt
1195 3823 1715 3922 congreganda
1754 3835 1949 3913 sunt,
1988 3835 2063 3896 et
2098 3822 2590 3897 consideratio
2635 3823 2766 3895 ha-

374 1892 462 2155 {ga-25

447 1896 521 2154 3259

565 2099 603 2140 t?
547 1897 603 2009 αρ’

431 2172 463 2205 β

465 1912 570 2205 {2220

695 3938 960 4025 benda,
996 3963 1091 4011 an
1124 3939 1214 4011 iis
1250 3938 1588 4012 omnibus
1624 3937 1841 4011 simul
1876 3937 2383 4025 existentibuS,
2418 3937 2768 4032 possibile
2880 3933 2886 3938 ⁶

697 4064 946 4124 tamen
991 4052 1089 4124 sit
1122 4052 1531 4150 intelligere
1575 4050 1777 4148 quod
1818 4050 2240 4147 propositus
2275 4051 2581 4122 effectus
2613 4073 2768 4124 non

700 4164 990 4237 existat.
1128 4165 1350 4240 Quod
1417 4165 1479 4238 si
1537 4164 1615 4237 id
1680 4162 2066 4259 concipere
2135 4186 2286 4235 non
2352 4185 2764 4257 possumus,

698 4288 1179 4373 aggregatum
1213 4277 1394 4350 illud
1429 4301 1649 4351 causa
1682 4278 1839 4372 ejus
1873 4276 2165 4372 integra
2198 4286 2333 4361 est,
2367 4274 2580 4348 aliter
2612 4298 2767 4349 non

696 4400 836 4480 est,
871 4389 1001 4463 sed
1028 4390 1171 4464 alia
1195 4390 1435 4464 adhuc
1471 4389 1868 4486 quaerenda
1895 4399 1972 4461 et
2006 4386 2535 4463 accumulanda
2567 4398 2767 4462 sunt.
