3182 5102
408 621 584 735 ΡΑΙὲδ
621 621 663 670 Ι.

416 720 661 792 κ-ῤ-μ

317 1290 629 1368 Demonstra-

316 1364 462 1404 noms
483 1364 670 1406 natura.

747 431 841 508 76
1223 450 1753 502 coMPU'rA'rm
1795 450 1982 501 swa
2023 450 2346 502 nomm.

741 624 873 686 aut
939 613 1259 709 plurium
1319 614 1845 688 vocabulorum
1906 614 2386 687 resolutivum
2446 638 2604 688 esse
2666 640 2816 689 non

795 738 1014 800 otest.

740 753 792 824 p
838 863 989 914 v11.
1046 840 1269 915 Quod
1292 865 1562 914 nomen
1591 839 1975 913 definitum
2004 841 2242 937 repeti
2275 840 2352 913 in
2389 839 2817 915 definitione

738 977 892 1025 non
927 953 1190 1037 debet;
1251 976 1425 1025 nam
1461 953 1845 1026 definitum
1875 965 1989 1026 est
2023 965 2266 1026 totum
2300 954 2815 1050 compositum,

740 1065 1074 1139 definitio
1109 1090 1284 1139 vero
1322 1067 1736 1162 compositi,
1768 1067 1846 1138 in
1879 1079 2131 1163 partes
2164 1068 2542 1157 resolutiO,
2572 1080 2815 1141 totum

738 1190 989 1252 autem
1024 1180 1137 1252 sui
1171 1180 1401 1276 ipsius
1436 1204 1607 1277 pars
1642 1202 1802 1253 esse
1836 1204 1988 1251 non
2020 1191 2293 1275 potest.

848 1300 959 1365 16.
1014 1292 1500 1366 Definitiones
1571 1293 1734 1365 duae
1796 1292 2164 1389 quaelibet,
2245 1317 2410 1390 quae
2472 1294 2815 1388 componi

737 1418 1049 1502 possunt
1084 1406 1161 1478 in
1196 1406 1724 1502 syllogismum,
1771 1405 2195 1501 producunt
2243 1405 2811 1496 conclusionem,

740 1542 903 1616 quae
937 1520 1111 1617 quia
1143 1545 1190 1593 a
1220 1519 1627 1616 principiiS,
1671 1519 1751 1592 id
1785 1531 1899 1591 est
1926 1543 1971 1591 a
2005 1516 2579 1606 definitionibuS,
2618 1518 2813 1591 deri-

738 1645 955 1706 vatur
976 1632 1512 1722 demonstratu,
1537 1645 1615 1706 et
1635 1632 1795 1729 ipsa
1815 1631 2171 1704 derivatio
2199 1631 2350 1704 sive
2375 1632 2810 1728 compositio

740 1745 1280 1819 demonstratio
1318 1746 1613 1819 dicitur.
1713 1745 2065 1818 Similiter
2100 1745 2163 1817 si
2198 1769 2289 1817 ex
2325 1743 2606 1817 duabus
2641 1769 2814 1841 pro-

738 1860 1253 1955 positionibuS,
1290 1884 1600 1956 quarum
1636 1884 1785 1932 una
1812 1870 1926 1931 est
1960 1859 2316 1949 definitio,
2369 1858 2603 1931 altera
2636 1882 2812 1930 con-

740 1973 971 2046 clusio
1022 1972 1548 2062 demonstrata,
1601 1971 2064 2068 syllogismus
2116 1973 2271 2062 fiat,
2328 1972 2445 2044 vel
2501 1995 2811 2068 quarum

738 2098 1004 2159 neutra
1033 2098 1147 2158 est
1175 2084 1531 2175 definitio,
1555 2084 1688 2157 sed
1712 2097 2026 2181 utraque
2049 2084 2252 2180 prius
2282 2085 2809 2175 demonstrata,

738 2198 859 2271 ille
913 2199 1376 2295 syllogismus
1430 2221 1722 2295 quoque
1778 2198 2309 2271 demonstratio
2375 2198 2668 2287 dicitur,
2732 2211 2810 2271 et

740 2312 847 2386 sic
933 2312 1301 2407 deinceps,
1434 2310 2104 2384 Demonstrationis
2172 2311 2399 2406 igitur
2475 2309 2809 2385 definitio

736 2425 1158 2521 hujusmodi
1226 2425 1392 2498 erit.
1525 2424 2091 2496 Demonstratio
2156 2433 2271 2496 est
2323 2423 2811 2520 syllogismus

737 2539 856 2611 vel
887 2538 1494 2637 syllogismorum
1522 2537 1762 2611 series
1785 2562 1834 2610 a
1862 2537 2223 2611 nominum
2252 2535 2809 2630 definitionibus

735 2677 968 2749 usque
1003 2652 1113 2724 ad
1141 2652 1678 2725 conclusionem
1708 2650 2045 2724 ultimam
2074 2650 2445 2723 derivata.
2513 2652 2626 2723 Ex
2660 2675 2807 2748 quo

733 2766 1173 2861 intelligitur
1201 2789 1494 2839 omnem
1518 2764 2160 2838 ratiocinationem
2185 2763 2615 2860 legitimam,
2645 2788 2808 2861 quae

733 2878 1029 2952 initium
1060 2879 1286 2952 habet
1319 2879 1394 2951 in
1445 2877 1827 2975 principiis
1860 2878 2078 2966 veris,
2130 2901 2288 2951 esse
2325 2878 2807 2951 scientificam

733 3002 812 3064 et
843 3016 1093 3065 veram
1127 2991 1854 3064 demonstrationem.
1959 2990 2153 3062 Nam
2207 2991 2407 3087 quod
2455 2991 2552 3063 ad
2584 2991 2807 3087 origi-

732 3129 902 3178 nem
956 3105 1273 3179 nominis
1324 3105 1620 3192 attinet,
1687 3103 1827 3175 etsi
1888 3102 2125 3176 Graeci
2186 3102 2523 3193 ἆποδείξιν,
2587 3128 2807 3199 quam

732 3219 978 3292 Latini
1025 3218 1122 3291 ad
1157 3218 1457 3291 verbum
1493 3228 1866 3290 vertentes
1918 3215 2620 3288 demonstrationem
2676 3241 2807 3314 ap-

728 3331 1190 3428 pellavenmt
1221 3355 1356 3427 pro
1393 3354 1481 3402 ea
1512 3328 2079 3401 ratiocinatione
2127 3328 2283 3401 sola
2331 3343 2804 3425 usurparunt,

732 3445 810 3517 in
862 3468 1006 3540 qua
1040 3443 1427 3540 descriptis
1466 3443 1689 3515 certis
1741 3441 1953 3513 lineis
1989 3454 2067 3514 et
2115 3441 2372 3538 figuris
2424 3466 2581 3516 rem
2630 3468 2803 3540 pro-

731 3557 1052 3630 bandam
1087 3557 1296 3652 quasi
1339 3569 1513 3629 ante
1565 3556 1818 3629 oculos
1868 3579 2205 3651 posuere,
2259 3556 2459 3652 quod
2507 3559 2804 3654 proprie

734 3681 850 3743 est
893 3670 1336 3759 ἂποδεικνῦειν,
1389 3669 1541 3743 sive
1598 3680 2033 3758 monstrare,
2088 3679 2338 3741 tamen
2388 3669 2495 3742 ita
2541 3669 2803 3744 fecisse

733 3784 830 3856 ob
893 3807 1055 3856 eam
1124 3807 1417 3856 causam
1478 3782 1848 3870 videntur,
1930 3781 2102 3877 quia
2166 3794 2659 3879 praeterquam
2724 3784 2804 3857 in

731 3896 1140 3991 geometria
1180 3895 1288 3990 (in
1315 3920 1461 3992 qua
1492 3896 1649 3969 fere
1685 3895 1841 3969 sola
1864 3894 2283 3991 hujusmodi
2310 3897 2567 3993 figuris
2594 3897 2803 3971 locus

734 4012 877 4102 est)
960 4009 1157 4082 circa
1238 4009 1417 4083 alias
1484 4033 1602 4082 res
1670 4009 2311 4082 ratiocinationem
2380 4023 2656 4084 certam
2727 4024 2806 4084 et

735 4122 1214 4196 scientificam
1247 4123 1549 4213 nullam,
1604 4123 1734 4197 sed
1780 4122 2028 4195 omnia
2078 4124 2600 4197 controversiis
2653 4124 2803 4196 cla-

734 4236 1206 4333 moribusque
1265 4236 1484 4333 plena
1545 4260 1703 4311 esse
1762 4236 2503 4333 animadvertissent3
2579 4237 2804 4334 idque
