3182 5102
937 483 1043 537 DE
1084 483 1406 537 anrno
1445 483 1966 543 AEommssan.
2327 461 2473 540 297

416 650 813 726 ordinatim
898 652 1281 750 applicatae
1347 654 1424 725 in
1493 654 2029 750 complemento
2098 652 2309 748 ejus3
2398 659 2473 722 et
2525 653 2694 703 PARS
2733 655 2833 705 111·

2629 722 2708 768 23.

418 775 676 838 contra
709 765 769 837 L
791 765 849 853 Ι,
902 766 1294 839 ordinatim
1345 767 1712 865 applicata
1751 767 1828 838 in
1874 768 2113 861 figura
2161 764 2284 837 ΑΙ
2310 763 2368 835 C
2392 763 2475 852 B,
2577 792 2767 822 2-1—-2

418 1103 862 1194 altitudineS,
899 1105 997 1177 sit
1028 1104 1340 1179 mutatio
1377 1104 1569 1194 talis,
1614 1116 1700 1177 ut
1750 1128 1914 1201 quae
1952 1104 2030 1176 in
2078 1104 2317 1199 figura
2366 1114 2479 1175 est

419 1216 815 1290 ordinatim
879 1216 1268 1314 applicata,
1331 1217 1585 1290 eadem
1647 1216 1724 1289 in
1786 1217 2320 1314 complemento
2383 1215 2480 1289 sit

420 1328 755 1401 altitudo.
861 1330 1119 1425 Itaque
1152 1330 1339 1403 ratio
1387 1329 1859 1402 altitudinum
1900 1329 2478 1403 decrescentium

418 1441 515 1515 ad
596 1442 959 1515 rationem
1041 1443 1546 1516 ordinatarum
1631 1443 2235 1532 decrescentium,
2314 1465 2476 1538 quae

418 1555 805 1652 multiplex
890 1566 1002 1629 est
1067 1557 1468 1630 secundum
1554 1557 1882 1653 quemvis
1947 1580 2333 1630 numerum
2399 1555 2478 1627 in

420 1669 658 1764 figura
715 1668 1125 1759 deficiente,
1182 1681 1296 1743 est
1350 1669 1427 1742 in
1488 1669 2023 1765 complemento
2078 1668 2478 1743 secundum

424 1781 736 1855 eundem
774 1805 1157 1854 numerum
1210 1782 1750 1878 submultiplex.
1853 1782 2185 1879 Exempli
2236 1805 2477 1871 causa,

423 1895 485 1968 si
517 1896 641 1967 ΑΙ
664 1894 724 1967 C
745 1894 806 1966 B
841 1895 936 1968 sit
969 1897 1338 1992 parabola,
1393 1896 1566 1992 quia
1623 1895 1812 1969 ratio
1845 1896 1914 1968 A
1937 1897 1998 1968 B
2046 1897 2143 1970 ad
2174 1896 2241 1968 A
2263 1897 2323 1968 L
2369 1905 2482 1968 est

425 2009 647 2104 dupla
697 2007 1004 2081 rationis
1060 2008 1121 2080 B
1145 2008 1204 2082 C
1261 2008 1358 2082 ad
1417 2009 1477 2081 L
1498 2008 1557 2097 Ι,
1619 2008 1759 2081 erit
1815 2008 1891 2081 in
1948 2010 2479 2105 complemento

423 2120 716 2195 AICD
789 2121 975 2195 ratio
1027 2121 1187 2195 AD
1240 2122 1335 2195 ad
1380 2121 1564 2209 Aa,
1628 2146 1791 2217 quae
1853 2123 2108 2196 eadem
2168 2134 2280 2194 est
2315 2145 2480 2194 cum

424 2236 708 2309 ratione
745 2235 806 2307 B
830 2236 888 2308 C
921 2236 1017 2309 ad
1065 2236 1205 2325 LI,
1243 2235 1605 2331 subdupla
1644 2235 1946 2308 rationis
1994 2237 2053 2309 C
2079 2236 2146 2308 D
2181 2235 2276 2309 ad
2328 2235 2481 2320 ΩΙ,

426 2374 591 2448 quae
659 2348 913 2422 eadem
983 2358 1094 2422 est
1161 2373 1330 2422 cum
1395 2348 1682 2421 ratione
1749 2349 1817 2420 A
1847 2349 1909 2420 B
1984 2348 2078 2421 ad
2143 2349 2313 2436 AL,
2406 2359 2482 2420 et

424 2462 731 2562 proinde
781 2462 1397 2559 complementum
1433 2474 1549 2534 est
1587 2462 1683 2535 ad
1729 2463 2482 2560 parallelogrammum

426 2578 503 2651 in
563 2577 931 2674 parabola,
998 2589 1086 2650 ut
1145 2588 1173 2651 l
1234 2577 1331 2650 ad
1390 2586 1489 2661 33
1567 2577 1646 2649 in
1710 2577 2001 2650 trilineo
2068 2601 2159 2650 ex
2222 2574 2482 2650 mediis

428 2691 731 2779 duabus,
768 2701 854 2762 ut
895 2699 923 2763 1
967 2689 1063 2763 ad
1095 2699 1140 2764 4
1173 2720 1191 2774 ;
1246 2690 1322 2762 in
1372 2688 1667 2762 trilineo
1719 2714 1809 2763 ex
1860 2690 2116 2763 mediis
2164 2690 2400 2763 tribus
2444 2701 2473 2763 l

428 2804 522 2877 ad
558 2813 627 2894 5,
664 2806 788 2876 &c.
892 2803 1082 2877 Sunt
1123 2814 1372 2877 autem
1417 2826 1670 2876 omnes
1718 2803 1932 2876 simul
1982 2803 2362 2900 applicatae
2405 2802 2483 2877 in

428 2919 496 2990 A
516 2918 553 2990 Ι
576 2916 637 2989 C
656 2916 722 2989 D
774 2927 1226 2989 momentum
1286 2917 1467 3012 ejuS,
1530 2927 1607 2988 et
1669 2938 1922 2989 omnes
1974 2915 2356 3013 applicatae
2405 2916 2484 2989 in

428 3031 497 3103 A
517 3031 554 3103 Ι
578 3030 638 3103 Ο
658 3031 720 3102 Β
748 3041 1199 3103 momentum
1230 3029 1454 3125 ipsius
1483 3030 1551 3102 A
1574 3030 1607 3101 I
1634 3029 1693 3102 C
1716 3030 1775 3101 B
1801 3058 1818 3101 z
1856 3054 2078 3126 quare
2113 3041 2487 3104 momenta

432 3144 1131 3239 complementorum
1206 3142 1613 3216 semissium
1671 3144 2071 3239 figurarum
2144 3143 2485 3217 deficien-

433 3258 617 3330 tium
650 3258 727 3330 in
764 3256 1033 3330 tabella
1065 3257 1272 3330 artic.
1310 3266 1379 3345 3,
1427 3281 1585 3354 cap.
1618 3279 1831 3346 xvu,
1879 3269 2483 3352 comparatamm,

434 3381 607 3444 sunt
640 3381 722 3444 ut
754 3372 929 3467 ipsae
960 3372 1216 3467 figurae
1245 3370 1670 3444 deficientes
1695 3401 1713 3454 3
1761 3382 1837 3443 et
1869 3382 2259 3468 propterea
2284 3382 2488 3443 recta

435 3484 502 3556 A
523 3483 589 3556 D
628 3483 979 3557 dividitur
1022 3508 1068 3557 a
1102 3484 1456 3557 diametro
1508 3482 1894 3578 aequilibrii
1927 3483 2004 3556 in
2056 3507 2144 3557 ea
2176 3483 2483 3572 ratione,

433 3608 519 3669 ut
569 3621 738 3692 pars
795 3595 892 3670 ad
942 3596 1290 3669 verticem
1353 3597 1450 3669 sit
1507 3595 1604 3668 ad
1660 3595 2035 3691 reliquam,
2102 3608 2187 3669 ut
2252 3597 2490 3693 figura

436 3712 801 3808 completa
831 3712 900 3784 A
927 3711 986 3783 B
1009 3711 1068 3783 C
1089 3711 1156 3783 D
1191 3709 1288 3782 ad
1319 3709 1931 3805 complementum
1964 3710 2085 3782 AI
2111 3709 2169 3782 C
2193 3710 2286 3782 D.

536 3825 802 3898 Coroll.
875 3823 1249 3896 Diameter
1301 3821 1689 3920 aequilibrii
1753 3822 2015 3895 harum
2079 3822 2485 3896 semissium

436 3938 800 4033 reperitur
844 3937 922 4010 in
967 3937 1236 4009 tabella
1284 3949 1423 4010 art.
1462 3946 1531 4026 3,
1585 3961 1740 4032 cap.
1777 3958 1990 4025 xvu,
2041 3936 2184 4009 hoc
2217 3936 2481 4010 modo:

438 4051 535 4124 sit
582 4050 961 4147 proposita
991 4051 1228 4146 figura
1266 4049 1611 4123 deficiens
1645 4048 2016 4122 trilineum
2067 4074 2157 4123 ex
2209 4049 2486 4122 duabus

437 4163 698 4238 mediis
750 4162 1173 4253 secundum,
1220 4187 1308 4236 ea
1339 4164 1577 4258 figura
1625 4172 1738 4235 est
1772 4162 1866 4235 ad
1916 4163 2352 4259 completam
2400 4175 2487 4235 ut

435 4287 482 4360 ἐν
507 4276 605 4350 ad
644 4286 706 4363 l,
746 4277 889 4350 hoc
918 4288 1052 4364 est,
1086 4288 1173 4348 ut
1206 4286 1252 4350 3
1287 4275 1382 4349 ad
1419 4285 1487 4349 5.
1593 4276 1840 4351 Quare
1875 4277 2485 4372 complementum

439 4392 598 4487 ejus
631 4402 744 4465 est
789 4389 885 4464 ad
919 4389 1225 4464 eandem
1263 4389 1701 4487 completam
1734 4402 1819 4464 ut
1846 4400 1891 4464 2
1927 4390 2020 4464 ad
2058 4400 2125 4464 5.
2230 4392 2488 4487 Itaque

418 877 717 973 aequalis
769 887 881 950 est
925 877 1295 952 altitudini
1340 880 1409 952 A
1432 880 1505 954 Q
1553 879 1630 952 in
1682 879 2218 975 complemento
2270 878 2426 972 ejus
2455 900 2474 959 3
2502 858 2758 986 ἓξῖᾞῗιξῖἷῑ

418 1001 493 1063 et
526 990 655 1080 sic,
689 1014 822 1086 per
856 1015 1108 1065 omnes
1158 1005 1458 1065 caeteras
1504 992 1901 1066 ordinatim
1950 990 2353 1089 applicatas
2403 1000 2478 1061 et
2500 987 2736 1102 2232?

2739 988 2835 1036 enti

2692 1069 2733 1114 s,
2762 1054 2851 1100 διο.
