3182 5102
793 500 899 550 DE
941 501 1372 554 nmvmzso
1413 502 1514 552 m·
1553 496 2054 552 sumamus.
2310 475 2452 554 357

381 662 616 736 additi
671 666 943 760 gradus
995 668 1342 765 quinque,
1401 691 1539 764 pro
1590 665 1911 738 maxima
1960 664 2054 735 ab
2115 662 2456 759 ecliptica
2532 671 2699 720 PARS
2730 672 2824 723 Ν·

381 776 873 853 declinatione
931 781 1149 868 lunae,
1219 784 1410 854 fiunt
1474 780 1747 876 gradus
1806 777 1976 872 283.
2083 775 2451 850 Quoniam

371 890 528 983 jam
600 904 990 967 moventur
1051 919 1284 990 aquae,
1356 918 1520 990 quae
1581 904 1755 965 sunt
1822 892 2077 964 subter
2136 887 2451 962 orbitam

379 1001 596 1092 lunae,
633 1030 780 1078 una
813 1031 978 1079 cum
1016 1018 1237 1096 terra,
1274 1008 1352 1080 id
1386 1019 1523 1094 est,
1570 1029 1738 1079 cum
1784 1003 2016 1076 fundo
2069 1025 2450 1097 aquarum,

377 1129 682 1212 propter
729 1132 1014 1192 motum
1060 1132 1277 1194 terrae
1330 1119 1734 1215 simplicem
1785 1118 1863 1191 in
1913 1116 2134 1212 plano
2188 1114 2449 1188 orbitae

377 1227 654 1302 lunaris
708 1245 992 1305 motum
1043 1233 1253 1306 fundi
1310 1223 1548 1329 neque
1604 1240 2148 1304 antevertentes
2209 1251 2449 1323 neque

376 1341 470 1414 ab
539 1367 627 1415 eo
695 1357 1138 1439 praeventae3
1198 1346 1595 1418 accedente
1663 1356 1874 1416 motu
1940 1342 2230 1429 diurno,
2301 1365 2446 1438 quo

376 1478 586 1550 aquae
638 1456 823 1545 aliae,
878 1481 1042 1553 quae
1094 1471 1268 1530 sunt
1319 1459 1575 1531 subter
1622 1454 2235 1551 aequinoctialem‚
2290 1479 2447 1530 mo-

374 1581 642 1641 ventur
717 1569 979 1643 eodem
1055 1571 1336 1655 ordine,
1405 1583 1481 1644 et
1548 1569 1968 1643 secantibus
2036 1592 2113 1641 se
2186 1579 2444 1640 mutuo

376 1681 621 1754 orbita
671 1682 913 1755 lunari
982 1696 1058 1756 et
1124 1683 1662 1780 aequinoctiali3
1725 1707 1934 1778 aquae
1994 1681 2229 1754 ambae
2291 1692 2446 1753 tam

376 1817 538 1887 quae
585 1808 758 1869 sunt
793 1797 929 1869 sub
973 1797 1289 1870 orbitam
1323 1797 1542 1886 lunae,
1593 1820 1814 1894 quam
1867 1819 2030 1891 quae
2082 1805 2257 1867 sunt
2307 1794 2442 1867 sub

372 1908 983 2000 aequinoctialem,
1023 1923 1468 1983 concurrent
1516 1911 1652 1982 sub
1704 1908 2318 2005 aequinoctialem,
2367 1920 2443 1981 et

372 2021 682 2115 proinde
741 2046 893 2096 non
952 2024 1172 2097 modo
1241 2037 1488 2097 motus
1557 2046 1813 2095 eorum
1881 2033 2165 2093 motum
2231 2020 2443 2095 fundi

373 2147 811 2225 antevertet‚
881 2137 1013 2210 sed
1072 2152 1147 2211 et
1206 2138 1384 2234 ipsae
1439 2161 1651 2233 aquae
1704 2135 2137 2209 elevatiores
2198 2148 2441 2223 erunt,

374 2249 664 2343 quoties
731 2263 932 2323 terra
998 2263 1112 2323 est
1177 2251 1255 2323 in
1324 2249 1846 2346 aequinoctiali.
1962 2248 2440 2341 Quaecunque

372 2386 550 2458 ergo
597 2376 906 2437 aestuum
954 2388 1177 2437 causa
1226 2364 1372 2437 alia
1418 2363 1536 2452 sit,
1590 2375 1838 2436 tamen
1891 2363 1985 2435 ab
2036 2363 2175 2435 hac
2220 2385 2444 2436 causa

370 2474 592 2549 iidem
620 2489 809 2550 tunc
841 2477 1195 2574 temporis
1228 2477 1717 2573 augebuntur.

466 2590 769 2678 RursuS‚
798 2590 1144 2685 quoniam
1173 2591 1684 2686 supposuimus
1710 2590 1961 2663 lunam
1987 2589 2440 2663 circumferri

366 2728 412 2776 a
443 2716 651 2776 motu
684 2715 899 2777 terrae
927 2703 1257 2800 simplice
1292 2704 1368 2776 in
1412 2704 1704 2777 circello
1739 2703 1836 2776 lb
1858 2705 1905 2776 k
1928 2730 1993 2792 c,
2029 2714 2103 2775 et
2137 2703 2440 2776 demon-

364 2828 676 2889 stratum
712 2828 825 2889 est
872 2841 1031 2912 cap.
1062 2839 1244 2889 xxl.
1281 2827 1419 2889 art.
1463 2826 1536 2905 4,
1597 2839 1706 2905 ea,
1756 2840 1916 2911 quae
1960 2827 2345 2888 moventur
2395 2841 2441 2888 a

364 2954 445 3002 re
480 2941 686 3002 motu
719 2930 1046 3027 simplice
1082 2943 1305 3019 mota,
1353 2929 1632 3002 moveri
1673 2930 1921 3003 omnia
1952 2928 2209 3001 eadem
2241 2928 2438 3001 velo-

365 3042 614 3128 citate,
673 3053 1007 3115 centrum
1054 3055 1271 3115 terrae
1320 3041 1574 3115 eadem
1609 3041 1889 3114 feretur
1920 3040 2310 3114 velocitate
2361 3042 2439 3115 in

367 3154 960 3229 circumferentia
1010 3154 1105 3227 lb
1132 3156 1181 3227 k
1202 3181 1266 3244 c,
1314 3179 1460 3251 qua
1500 3155 1733 3227 fertur
1780 3154 1956 3226 luna
1996 3154 2071 3226 in
2125 3154 2439 3227 circum-

365 3267 678 3341 ferentia
703 3292 772 3339 m
793 3294 840 3340 n
862 3293 1002 3366 op.
1075 3268 1394 3364 Tempus
1428 3291 1605 3363 ergo
1643 3266 2216 3339 circumlationis
2244 3267 2438 3341 lunae

369 3380 445 3452 in
500 3406 567 3452 m
588 3406 635 3451 n
658 3404 799 3477 op,
861 3392 974 3453 est
1021 3381 1116 3453 ad
1150 3394 1438 3477 tempus
1475 3379 2049 3453 circumlationis
2092 3394 2308 3453 terrae
2361 3381 2439 3455 in

367 3492 401 3565 l
421 3492 621 3581 blec,
667 3505 751 3564 ut
805 3492 965 3588 ipsa
1020 3493 1612 3565 circumferentia
1643 3519 1710 3565 m
1735 3518 1782 3564 n
1810 3518 1926 3589 op
1970 3494 2065 3566 ad
2125 3494 2436 3567 circum-

364 3605 752 3678 ferentiam
814 3605 1065 3695 lbkc,
1119 3606 1197 3679 id
1247 3619 1382 3690 est,
1437 3617 1519 3679 ut
1564 3631 1679 3678 ao
1735 3606 1834 3679 ad
1876 3608 2021 3679 alt.
2127 3607 2271 3681 Sed
2323 3633 2436 3680 ao

367 3719 755 3791 observata
821 3732 935 3791 est
995 3743 1153 3793 esse
1219 3719 1314 3792 ad
1401 3718 2022 3793 semidiametrum
2108 3722 2437 3817 corporis

368 3844 610 3919 terrae,
671 3844 757 3905 ut
814 3840 906 3904 59
966 3832 1064 3905 ad
1126 3842 1186 3906 l.
1304 3832 1550 3905 Faciet
1606 3856 1783 3928 ergo
1828 3845 2048 3922 terra,
2106 3834 2169 3908 si
2224 3837 2437 3908 semi-

367 3943 725 4017 diameter
786 3956 1004 4019 terrae
1088 3956 1459 4017 statuatur
1526 3970 1575 4017 a
1605 3946 1676 4034 k,
1749 3946 2099 4020 circuitus
2187 3957 2280 4022 59
2359 3949 2436 4022 in

367 4056 621 4144 lblec,
692 4057 867 4130 dum
923 4058 1100 4131 luna
1166 4057 1343 4130 facit
1403 4058 1793 4130 circuitum
1861 4083 2113 4149 unum,
2173 4086 2436 4159 nempe

364 4181 846 4260 menstruum,
921 4170 998 4243 in
1058 4196 1356 4270 mnop.
1481 4172 1687 4245 Facit
1747 4185 1995 4246 autem
2060 4174 2235 4249 luna
2293 4177 2436 4249 cir-

366 4282 648 4355 cuitum
699 4295 1157 4358 menstruum
1210 4284 1288 4357 in
1349 4284 1605 4359 diebus
1654 4293 1775 4374 29,
1825 4287 2044 4381 paulo
2098 4290 2429 4386 amplius.

368 4395 614 4469 Quare
662 4410 862 4470 terra
904 4397 1127 4471 faciet
1172 4398 1561 4472 circuitum
1603 4424 1736 4495 per
1770 4399 2433 4479 circumferentiam

2638 738 2714 786 26.

2562 801 2792 840 &er-v

2477 876 2640 922 Causa
2667 891 2757 924 ωε·

2477 948 2616 987 tuum
2640 941 2829 989 oceani.
