3182 5102
579 532 651 597 lii
1135 548 1305 594 τιτι
1340 546 1709 594 uonnmm:
1740 548 2157 595 Auentinum.

588 725 669 787 de
695 722 853 799 Deo,
899 720 1277 801 hominibus,
1332 720 1654 804 literisque
1702 722 1945 800 merito,
1991 716 2198 782 locum
2255 716 2423 781 inter
2476 714 2758 780 literatos

591 855 993 943 relinqueret.

680 999 723 1032 ‘⁶
749 989 1187 1055 stomachatur
1209 988 1614 1054 nihilominus
1638 988 2018 1066 Hobbaeius,
2046 1013 2196 1056 acre
2221 989 2611 1055 solummodo
2653 996 2759 1056 in·

589 1134 864 1215 gremium,
917 1149 1045 1193 non
1091 1149 1238 1192 vero
1287 1130 1559 1195 sobrium
1607 1126 1724 1213 ipsi
1774 1127 1856 1192 ab
1906 1125 2148 1191 editore
2192 1126 2585 1192 attributum.
2676 1125 2756 1190 In

598 1263 745 1329 facti
784 1264 1246 1329 excusationem
1289 1285 1417 1328 non
1461 1264 1723 1350 opponit
1765 1262 1970 1328 editor
2011 1262 2282 1341 illorum,
2330 1264 2440 1352 qui
2473 1277 2585 1328 aut
2612 1285 2758 1328 cum

600 1401 734 1487 ipso
784 1400 1101 1487 scriptisve
1149 1401 1282 1486 ejus
1325 1399 1713 1464 familiariter
1762 1412 2107 1476 versantur,
2168 1399 2574 1477 sententiam3
2648 1397 2760 1463 sed

603 1534 912 1600 Hobbesii
939 1535 1131 1621 ipsius
1158 1534 1430 1622 appellat
1472 1534 1684 1611 fidem,
1717 1533 1846 1620 qui,
1878 1534 1945 1597 in
1973 1533 2184 1599 libello
2214 1538 2291 1600 de
2327 1537 2674 1620 Principiis
2699 1546 2765 1602 et

602 1676 1107 1739 Ratiocinatione
1140 1675 1640 1747 Geonoetrarum,
1680 1669 1816 1735 haec
1855 1670 2082 1735 habet}
2130 1674 2219 1736 In
2251 1694 2480 1755 mayno
2507 1674 2759 1757 quidem

591 1812 878 1895 periculo
916 1814 1154 1874 versari
1184 1811 1358 1873 video
1385 1812 1918 1873 eoeiatimationem
1962 1830 2188 1888 meam,
2226 1811 2338 1893 qui
2366 1830 2409 1871 a
2431 1810 2765 1891 yeometris

585 1946 740 2027 fere
786 1944 1071 2008 omnibus
1113 1946 1427 2008 dissentio.
1518 1944 1767 2008 Eorum
1813 1948 2002 2019 enim,
2052 1946 2162 2030 qui
2207 1945 2288 2007 de
2326 1945 2546 2008 iisdem
2584 1942 2768 2006 rebus

601 2101 840 2145 mecum
867 2081 1122 2165 aliquid
1146 2080 1501 2154 ediderunt,
1530 2088 1649 2144 aut
1677 2081 1844 2144 solus
1872 2081 2123 2144 insanio
2149 2101 2279 2163 eqo,
2304 2088 2421 2143 aut
2445 2081 2612 2142 solus
2638 2098 2764 2141 non

602 2216 851 2280 insanio
874 2243 895 2285 .-
944 2216 1194 2279 tertium
1224 2235 1350 2278 non
1379 2223 1489 2289 est,
1519 2218 1647 2279 nisi
1674 2217 1843 2299 quod
1883 2217 2046 2279 dicet
2072 2216 2259 2300 forte
2300 2216 2552 2300 aliquis,
2567 2192 2765 2278 'insa-

604 2355 859 2415 m‘amm
904 2372 1129 2414 omnes.
1220 2348 1288 2412 Si
1334 2348 1607 2413 insanire
1646 2371 1791 2413 eum
1835 2350 2176 2437 contingat,
2229 2372 2359 2414 non
2397 2350 2479 2414 ab
2525 2348 2767 2413 editore

609 2483 840 2570 injuria
869 2483 1030 2549 facta
1055 2498 1187 2563 est3
1232 2484 1281 2547 si
1311 2484 1417 2548 alii
1445 2506 1663 2549 omnes
1686 2485 1918 2550 eruditi
1947 2500 2157 2554 mente
2178 2509 2290 2551 sua
2311 2486 2464 2550 moti
2492 2484 2768 2549 insanire

610 2621 789 2686 illum
846 2638 1158 2700 censeant,
1217 2646 1346 2688 non
1403 2637 1499 2690 est
1554 2623 1729 2712 quod
1786 2623 2159 2689 furiosorum
2219 2622 2526 2689 sententia
2586 2620 2765 2685 illum

608 2772 873 2835 moveat,
922 2780 1038 2824 nec
1081 2773 1382 2846 queratur
1422 2761 1684 2847 reperiri
1723 2760 2041 2825 hominem
2091 2782 2310 2838 unum,
2357 2759 2466 2847 qui
2508 2758 2768 2823 demens

607 2895 844 2980 pariter
899 2918 1043 2961 cum
1105 2895 1312 2973 suerit,
1386 2895 1706 2962 communi
1763 2896 2044 2960 omnium
2106 2895 2401 2982 suffragio
2458 2893 2765 2958 calculum

607 3028 925 3116 adjecerit.

697 3174 738 3207 ‘⁶
754 3165 1044 3232 Secundo
1062 3166 1126 3229 in
1146 3165 1283 3230 loco
1300 3165 1462 3230 male
1480 3165 1671 3231 habet
1685 3164 2095 3243 Hobbesium‚
2112 3164 2283 3252 quod
2299 3188 2444 3230 cum
2461 3166 2774 3233 Historiae

607 3307 876 3388 scriptor
945 3305 1357 3369 Mersennwm
1423 3308 1630 3369 virum
1697 3307 2000 3387 optimum
2062 3307 2496 3390 appellaverit,
2563 3300 2769 3366 editor

611 3435 924 3524 malignus
978 3439 1167 3503 verba
1222 3437 1338 3502 illa
1396 3440 1639 3503 delevit.
1727 3436 2144 3523 Agnoscimus
2193 3436 2605 3513 Hobbesium‚
2655 3448 2769 3500 aut

609 3571 829 3637 saltem
856 3572 915 3637 J.
941 3572 1024 3636 A.
1053 3572 1141 3636 sic
1160 3593 1306 3635 eum
1325 3593 1570 3636 vocasse
1593 3598 1610 3649 ;
1656 3571 1765 3636 sed
1786 3572 2040 3660 quando
2067 3573 2324 3661 quidem
2349 3596 2467 3638 nec
2493 3571 2771 3636 historiae

610 3709 874 3795 scriptor
903 3730 1019 3773 nec
1048 3708 1252 3772 editor
1281 3729 1530 3787 novere,
1576 3708 1758 3775 albus
1783 3733 1867 3776 an
1894 3725 2032 3777 ater
2061 3711 2246 3776 homo
2268 3710 2452 3775 fuerit
2478 3709 2772 3774 Mersen-

611 3866 749 3922 nus,
781 3857 949 3909 certe
975 3843 1213 3930 absque
1241 3842 1406 3908 illius
1447 3843 1678 3930 injuria
1705 3846 1896 3911 verba
1924 3845 2034 3911 illa
2059 3847 2127 3910 in
2155 3846 2463 3933 impressis
2491 3844 2766 3909 defuere.

694 3985 739 4018 ‘⁶
757 3977 997 4055 Tertio,
1016 3977 1242 4063 probat
1257 3977 1490 4043 librum
1520 3983 1626 4046 De
1657 3984 1806 4048 Cive
1831 3985 2012 4049 rebus
2042 3986 2494 4069 miscendis
2508 3981 2770 4045 minime

616 4125 861 4191 natum,
919 4113 1070 4200 quia
1126 4135 1294 4178 anno
1350 4118 1513 4179 1642
1556 4115 1823 4202 prodiit:
1883 4118 2061 4204 quasi
2106 4116 2384 4195 Miltoni,
2448 4115 2764 4194 Aschami,

615 4248 965 4326 Goodwini,
1018 4248 1309 4314 seditiosa
1334 4250 1565 4336 scripta
1598 4252 1786 4317 rebus
1819 4251 2262 4339 permiscendis
2288 4266 2435 4339 apta
2462 4266 2612 4317 nata
2636 4273 2766 4316 non

609 4385 752 4462 sint,
786 4383 933 4471 quia
961 4400 1101 4470 post
1128 4406 1365 4450 annum
1394 4386 1766 4471 praedictum
1789 4387 1976 4453 edita.
