3182 5102
337 663 512 711 PARS
538 662 579 710 1.

292 1123 352 1171 Iu
369 1121 652 1186 syllogismo

290 1198 391 1237 tres
412 1198 620 1266 tautum·

293 1262 409 1302 sunt
430 1261 638 1302 termini.

324 3158 500 3220 Major,

320 3223 494 3280 minor,

323 3297 372 3335 et
391 3287 580 3336 medius

322 3353 575 3410 terminus,

323 3418 438 3465 item
459 3418 613 3479 maJor

325 3492 373 3530 et
393 3483 552 3530 minor

320 3548 581 3610 propositio

321 3613 439 3674 quid
459 3613 574 3663 sint.

323 4157 519 4206 Medius

322 4223 558 4272 tsmzinus

323 4288 375 4336 in
396 4289 529 4335 omui

324 4353 605 4417 syllogismo

322 4418 463 4467 debet
490 4434 595 4470 esse

688 452 784 515 40
1167 466 1699 518 COMPUTATIO
1741 467 1928 518 SIVE
1970 467 2294 518 LOGICA.

689 657 988 730 corpm,
1025 656 1230 728 erg0,
1277 633 1510 706 omnis
1545 632 1754 705 homo
1790 643 1906 706 est
1943 658 2245 731 eorpus,
2300 632 2765 730 syllogismus

689 759 847 829 est;
901 747 1250 843 quoniam
1286 748 1510 820 tertia
1544 772 1636 820 ex
1669 746 2263 844 praecedentibus
2293 746 2650 843 sequitur,
2688 747 2767 819 id

688 872 826 950 est,
863 860 926 932 si
961 859 1105 932 illae
1137 884 1332 932 verae
1367 884 1527 933 esse
1563 861 2091 950 concedantur,
2123 860 2432 934 concedi
2465 883 2765 932 necesse

683 986 805 1046 est
836 973 1031 1047 hanc
1066 997 1360 1070 quoque
1387 997 1638 1046 veram
1674 998 1857 1047 esse.

792 1098 862 1162 2.
916 1089 1029 1161 Ex
1085 1088 1368 1160 duabus
1422 1101 1672 1161 autem
1724 1088 2355 1185 propositionibus
2406 1112 2572 1183 quae
2617 1098 2766 1160 ter-

688 1202 972 1275 minum
1040 1224 1505 1274 communem
1571 1226 1725 1274 non
1787 1200 2064 1274 habent
2127 1199 2501 1273 conclusio
2566 1200 2767 1272 nulla

686 1315 1042 1413 sequitur,
1105 1339 1346 1412 neque
1408 1339 1588 1411 ergo
1641 1316 1731 1387 fit
1784 1314 2290 1412 syllogismus;
2364 1314 2515 1386 sint
2569 1313 2764 1386 enim

683 1429 1031 1526 quaelibet
1086 1428 1250 1502 duae
1301 1429 1701 1526 praemissae
1755 1429 1962 1501 homo
2004 1438 2121 1501 est
2173 1428 2478 1517 animal,
2533 1427 2766 1500 arbor

682 1553 798 1615 est
844 1541 1147 1640 planta,
1203 1543 1439 1617 ambae
1494 1566 1737 1625 verae;
1794 1541 2142 1638 quoniam
2196 1553 2447 1613 tamen
2503 1565 2593 1614 ex
2649 1541 2763 1612 his

681 1680 834 1729 non
895 1656 1269 1752 colligitur
1306 1655 1658 1752 plantam
1712 1679 2002 1743 nomen⁴
2042 1679 2201 1729 esse
2260 1667 2391 1728 aut
2444 1653 2763 1727 hominis

682 1781 813 1843 aut
865 1769 1220 1842 hominem
1274 1770 1575 1866 plantae,
1629 1794 1783 1842 non
1833 1792 2136 1842 necesse
2172 1780 2285 1842 est
2318 1781 2406 1841 ut
2438 1793 2614 1841 vera
2665 1767 2764 1840 sit

680 1883 888 1955 homo
924 1891 1041 1954 est
1067 1881 1369 1979 planta.
1475 1881 1985 1955 Corollarium.
2088 1883 2349 1978 Itaque
2410 1882 2488 1954 in
2541 1881 2762 1978 syllo-

680 1996 900 2092 gismi
922 1995 1343 2093 praemissis
1379 2007 1530 2068 tres
1560 2007 1855 2068 tantum
1890 1996 2187 2068 termini
2225 2020 2384 2068 esse
2417 2004 2755 2092 possunt.

781 2110 1149 2182 Praeterea
1202 2110 1280 2181 in
1335 2107 1809 2182 conclusione
1871 2110 2228 2182 terminus
2291 2109 2534 2182 nullus
2603 2131 2761 2181 esse

680 2234 933 2319 potest
967 2223 1093 2319 qui
1130 2248 1278 2295 non
1315 2222 1540 2296 suerit
1578 2222 1654 2295 in
1690 2222 2132 2318 praemissis3
2187 2222 2338 2295 sint
2366 2223 2561 2295 enim
2597 2222 2761 2294 duae

680 2335 1079 2433 praemissae
1136 2336 1485 2432 quaelibet
1531 2335 1742 2408 homo
1778 2346 1894 2407 est
1950 2335 2252 2424 animal,
2315 2335 2596 2408 animal
2645 2343 2762 2406 est

683 2475 986 2547 cor-pm,
1023 2450 1085 2522 si
1122 2462 1370 2523 tamen
1406 2450 1481 2522 in
1519 2448 1993 2522 conclusione
2020 2460 2343 2545 ponatur
2378 2449 2563 2522 alius
2600 2449 2762 2545 qui-

680 2563 864 2636 libet
917 2565 1299 2654 terminuS,
1350 2574 1437 2636 ut
1491 2564 1697 2635 homo
1759 2572 1876 2635 est
1937 2562 2175 2661 bipes,
2225 2563 2360 2636 etsi
2419 2588 2594 2636 vera
2640 2563 2760 2650 sit,

678 2701 832 2749 non
868 2688 1117 2749 tamen
1156 2701 1247 2749 ex
1278 2676 1676 2773 praemissis
1713 2676 2047 2772 sequitur
2077 2708 2095 2760 ;
2153 2701 2322 2750 cum
2358 2701 2448 2749 ex
2481 2677 2573 2750 iis
2606 2701 2760 2750 non

679 2788 1055 2885 colligitur
1106 2813 1377 2862 nomen
1434 2789 1650 2886 bipes
1687 2789 2083 2862 convenire
2139 2790 2475 2873 homini3
2533 2815 2760 2888 quare

679 2926 931 2975 rursus
967 2902 1045 2974 in
1079 2926 1527 2999 unoquoque
1563 2902 1989 2999 syllogismo
2050 2903 2350 2976 termini
2407 2916 2559 2977 tres
2596 2917 2761 2977 tan·

680 3027 839 3088 tum
869 3026 1066 3088 sunt.

781 3138 851 3202 3.
908 3129 1200 3201 Horum
1256 3130 1741 3202 terminorum
1791 3131 2029 3226 major
2082 3131 2228 3204 dici
2286 3131 2475 3205 solet
2521 3132 2583 3205 is
2633 3132 2759 3229 qui

681 3253 794 3315 est
829 3241 907 3314 in
944 3241 1416 3315 conclusione
1457 3243 1959 3340 praedicatum
1986 3271 2014 3328 ;
2067 3245 2328 3333 minor,
2377 3247 2439 3318 is
2477 3246 2600 3341 qui
2647 3258 2761 3319 est

680 3355 754 3427 in
793 3356 1265 3429 conclusione
1300 3355 1729 3451 subjectum,
1765 3356 2090 3453 reliquus
2120 3357 2402 3430 medius
2422 3372 2754 3447 vocatur,

678 3484 766 3541 ut
799 3469 876 3542 in
909 3470 1053 3542 hoc
1088 3468 1555 3567 syllogismO,
1609 3469 1812 3541 homo
1848 3480 1964 3542 est
1991 3471 2292 3560 animal,
2329 3472 2614 3545 animal
2643 3482 2758 3545 est

680 3607 982 3680 corpus,
1020 3606 1222 3679 ergo,
1259 3582 1463 3653 homo
1493 3592 1610 3655 est
1631 3608 1931 3680 corpus,
1955 3608 2232 3682 eorpus
2260 3597 2374 3658 est
2396 3587 2756 3660 terminus

679 3697 941 3786 maior,
1004 3696 1208 3768 homo
1264 3695 1623 3768 terminus
1679 3696 1937 3786 minor,
1995 3709 2073 3770 et
2107 3698 2390 3770 animal
2447 3699 2753 3773 medius.

681 3810 871 3882 Item
924 3810 1469 3906 praemissarum
1524 3834 1614 3882 ea
1654 3809 1732 3882 in
1778 3835 1925 3906 qua
1977 3812 2346 3908 reperitur
2397 3814 2756 3886 terminus

680 3923 943 4020 major,
979 3923 1218 4017 major
1249 3924 1717 4020 propo-sitim
1774 3949 1863 3997 ea
1898 3949 2062 4021 quae
2098 3926 2325 3999 habet
2358 3927 2755 4000 terminum

679 4036 1047 4123 minorem,
1077 4035 1314 4107 minor
1336 4037 1772 4134 propositio
1809 4037 2104 4111 dicitur.

783 4157 854 4221 4.
910 4148 990 4222 Si
1041 4149 1325 4223 medius
1378 4151 1737 4225 terminus
1769 4175 1923 4225 non
1958 4152 2056 4224 sit
2090 4152 2167 4224 in
2201 4164 2516 4249 utraque
2567 4179 2756 4251 prae-

683 4262 908 4335 missa
984 4261 1514 4337 determinatus
1583 4263 1680 4338 ad
1757 4289 1978 4338 unam
2075 4263 2532 4362 eandemque
2599 4292 2754 4341 rem

683 4375 1153 4472 singularem,
1206 4377 1581 4451 conclusio
1638 4402 1731 4451 ex
1762 4376 2159 4475 praemissis
2195 4402 2345 4451 non
2380 4393 2755 4475 sequetur,
