3182 5102
306 680 477 729 PARS
511 679 557 728 1.

319 2692 584 2742 Methodua
688 2713 691 2717 *

317 2758 563 2821 quaerendi
586 2772 649 2805 an

662 469 757 533 66
1142 483 1674 537 οοΜΡυΤΑΤιο
1718 487 1905 539 SIVE
1946 489 2271 541 Loch.

666 651 951 747 injusta
986 649 1113 738 sit,
1151 650 1585 724 resolvendo
1622 653 1806 726 illud
1841 654 2192 748 injustum
2233 654 2630 750 infactum
2668 667 2746 728 et

666 775 934 839 contra
970 764 1205 862 lege-3,
1261 775 1338 837 et
1372 766 1756 840 notionem
1789 767 1990 840 illam
2026 767 2251 866 legis,
2305 768 2384 840 in
2434 767 2744 839 manda-

667 890 818 951 tum
854 880 1010 975 ejus
1067 878 1193 973 qui
1229 901 1570 951 coercere
1590 888 1880 977 potest,
1943 892 2021 953 et
2063 881 2491 978 potentiam
2544 880 2745 952 illam

665 994 743 1065 in
778 991 1228 1067 voluntatem
1260 991 1646 1064 hominum
1679 994 1883 1089 pacis
1936 1018 2158 1067 causa
2206 994 2432 1066 talem
2482 1005 2746 1089 poten-

668 1106 850 1180 tiam
912 1104 1548 1196 constituentium,
1598 1107 2071 1202 pervenietur
2105 1108 2407 1181 tandem
2460 1107 2556 1179 ad
2601 1106 2747 1179 hoc

669 1219 870 1316 quod
903 1217 1088 1291 tales
1124 1229 1299 1291 sunt
1351 1218 1737 1291 hominum
1771 1221 2144 1316 appetitus
2180 1232 2256 1294 et
2308 1232 2553 1293 motus
2589 1220 2746 1292 ani-

668 1357 958 1406 morum
991 1344 1077 1404 ut
1110 1331 1252 1404 nisi
1288 1333 1438 1404 sint
1472 1334 1876 1429 apotentia
1909 1334 2156 1430 aliqua
2191 1334 2516 1419 coerciti,
2549 1333 2745 1407 bello

670 1471 747 1520 se
777 1447 1094 1519 invicem
1119 1447 1581 1543 persecuturi
1609 1447 1781 1536 sint,
1804 1447 1884 1519 id
1911 1448 2111 1544 quod
2130 1472 2263 1544 per
2280 1448 2747 1544 uniuscujus-

670 1584 811 1657 que
845 1560 1230 1656 proprium
1273 1560 1602 1632 animum
1639 1560 2127 1633 examinantis
2187 1560 2744 1657 experientiam,

671 1673 1019 1770 cognosci
1075 1684 1349 1768 potest.
1454 1672 1715 1767 Itaque
1796 1673 1888 1745 ab
1954 1672 2099 1745 hoc
2163 1672 2330 1746 loco
2399 1672 2748 1769 progredi

668 1799 917 1884 potest
950 1786 1486 1882 componendO,
1541 1785 1639 1858 ad
1686 1785 2320 1859 determinandam
2356 1787 2750 1882 cujuslibet

671 1901 984 1974 actionis
1017 1901 1420 1996 propositae
1465 1899 1833 1996 justitiam
1865 1899 1982 1972 vel
2015 1900 2477 1995 injustitiam.
2580 1900 2749 1973 Jam

671 2038 762 2086 ex
829 2014 919 2087 iis
982 2037 1146 2109 quae
1216 2014 1533 2086 diximus
1596 2012 2069 2085 manifestum
2136 2025 2249 2086 est
2316 2013 2751 2086 methodum

672 2127 1242 2224 philosophandi
1269 2127 1357 2199 iis
1388 2127 1514 2223 qui
1528 2127 1960 2223 simpliciter
1971 2126 2356 2199 scientiam
2377 2138 2747 2223 quaerunt,

673 2241 876 2313 nulla
897 2252 1098 2314 certa
1127 2241 1535 2338 quaestione
1560 2241 1964 2336 proposita,
1999 2241 2274 2336 partim
2306 2240 2751 2336 analyticam

671 2355 945 2451 partim
999 2354 1492 2451 syntheticam
1541 2377 1723 2442 esse,
1772 2353 2117 2426 nimirum
2169 2378 2215 2425 a
2267 2354 2602 2426 sensibus
2654 2354 2752 2426 ad

672 2467 1176 2541 inventionem
1208 2467 1763 2565 principiorum,
1790 2468 2233 2565 analyticam
2261 2493 2445 2558 esse,
2483 2480 2754 2542 caetera

674 2582 1190 2679 syntheticam.

774 2704 843 2768 8.
900 2694 1425 2770 Quaerentibus
1459 2693 1927 2790 phaenomeni
1954 2692 2069 2765 vel
2106 2695 2412 2766 effectus
2441 2694 2751 2789 alicujus

313 2839 390 2871 res
409 2823 649 2898 propopita
674 2809 860 2881 certi
927 2820 1004 2881 et
1069 2806 1434 2904 propositi
1489 2831 1787 2880 causam
1847 2806 2242 2902 aliquando
2306 2807 2601 2895 accidit,
2664 2817 2753 2879 ut

315 2889 379 2935 sit
399 2896 601 2935 matema

313 2969 375 3002 an
396 2954 635 3002 accidens.

672 2935 922 2994 utrum
958 2945 1046 2995 ea
1078 2945 1196 2993 res
1234 2923 1441 3016 cujus
1496 2943 1793 2993 causam
1828 2920 2247 3015 quaerimus,
2282 2921 2594 2992 materia
2627 2920 2750 3008 sit,

674 3035 826 3107 sive
871 3058 1161 3130 corpuS,
1205 3058 1301 3106 an
1357 3033 1689 3128 corporis
1747 3032 2090 3106 accidens
2152 3033 2475 3129 aliquod,
2538 3034 2750 3130 igno-

673 3159 900 3221 retur.
1006 3148 1201 3220 Nam
1237 3146 1376 3220 etsi
1420 3146 1499 3219 in
1532 3145 1943 3243 geometria
1975 3146 2104 3218 ubi
2139 3148 2495 3243 quaeritur
2530 3170 2753 3218 causa

671 3260 1229 3357 magnitudinis,
1292 3259 1409 3333 vel
1475 3259 1977 3356 proportionis
2035 3260 2153 3333 vel
2206 3261 2486 3356 figurae,
2544 3271 2752 3332 certo

675 3375 1015 3464 sciamuS,
1080 3397 1202 3446 eas
1257 3397 1374 3446 res
1434 3396 1701 3468 nempe
1769 3371 2377 3468 magnitudinem,
2439 3396 2752 3469 propor-

672 3489 956 3561 tionem
1022 3499 1099 3561 et
1164 3489 1479 3583 figuram
1528 3509 1687 3558 esse
1747 3485 2179 3559 accidentia.
2304 3487 2392 3559 In
2445 3487 2753 3583 physica

673 3614 924 3675 tamen
982 3601 1113 3674 ubi
1174 3601 1286 3674 de'
1341 3601 1942 3697 phantasmatum
2003 3600 2457 3673 sensibilium
2510 3601 2752 3673 causis

674 3715 944 3811 agitur,
997 3738 1163 3811 quae
1213 3738 1349 3810 pro
1404 3713 1581 3809 ipsis
1644 3713 1864 3786 rebus
1933 3736 2247 3808 quorum
2297 3724 2471 3785 sunt
2520 3712 2755 3809 phan-

673 3838 993 3901 tasmata
1060 3851 1218 3900 sese
1288 3827 1610 3901 offerunt
1670 3826 2039 3923 plerisque
2105 3827 2519 3922 imponunt,
2598 3851 2753 3900 non

673 3941 781 4014 ita
863 3940 1100 4012 facilis
1186 3953 1299 4015 est
1385 3940 1843 4037 dijudicatio.
1948 3939 2364 4012 Praesertim
2432 3964 2608 4012 vero
2671 3940 2753 4013 in

672 4053 1208 4150 phantasmatis
1255 4053 1603 4136 visionis3
1658 4053 1973 4149 exempli
2035 4076 2278 4142 causa,
2337 4053 2464 4148 qui
2519 4052 2753 4125 solem

673 4166 1008 4238 intuetur
1042 4165 1294 4239 existit
1327 4166 1434 4238 illi
1469 4166 1637 4239 idea
1674 4166 2009 4263 quaedam
2046 4166 2431 4262 splendida
2463 4167 2751 4263 magni-

674 4278 954 4351 tudinis
990 4278 1198 4374 quasi
1239 4280 1402 4375 (per
1436 4279 1907 4374 diametrum)
1961 4280 2179 4353 unius
2212 4280 2421 4376 pedis
2452 4312 2471 4364 3
2525 4291 2751 4377 atque

677 4390 755 4463 id
787 4391 1028 4487 ipsum
1056 4392 1379 4488 appellat
1409 4392 1532 4465 ille
1567 4393 1821 4483 solem,
1874 4391 2098 4466 etiam
2132 4392 2194 4465 si
2229 4392 2459 4466 solem
2492 4415 2752 4466 revera
