<?xml version="1.0" encoding="UTF-8"?>
<!DOCTYPE html PUBLIC "-//W3C//DTD XHTML 1.0 Transitional//EN"
    "http://www.w3.org/TR/xhtml1/DTD/xhtml1-transitional.dtd">
<html xmlns="http://www.w3.org/1999/xhtml" xml:lang="en" lang="en">
 <head>
  <title>
</title>
<meta http-equiv="Content-Type" content="text/html;charset=utf-8" />
  <meta name='ocr-system' content='tesseract 3.04.00' />
  <meta name='ocr-capabilities' content='ocr_page ocr_carea ocr_par ocr_line ocrx_word'/>
</head>
<body>
  <div class='ocr_page' id='page_1' title='image "./thomhobbesmalme03molegoog_0076.png"; bbox 0 0 3182 5102; ppageno 0'>
   <div class='ocr_carea' id='block_1_1' title="bbox 630 483 2207 554">
    <p class='ocr_par' dir='ltr' id='par_1_1' title="bbox 630 483 2207 554">
     <span class='ocr_line' id='line_1_1' title="bbox 630 483 2207 554; baseline 0.001 -4"><span class='ocrx_word' id='word_1_1' title='bbox 630 483 700 550; x_wconf 84' lang='lat' dir='ltr'>lx</span> <span class='ocrx_word' id='word_1_2' title='bbox 1187 505 1356 552; x_wconf 72' lang='lat' dir='ltr'>vrrAE</span> <span class='ocrx_word' id='word_1_3' title='bbox 1390 504 1757 552; x_wconf 66' lang='lat' dir='ltr'>nonarum-2</span> <span class='ocrx_word' id='word_1_4' title='bbox 1789 506 2207 554; x_wconf 73' lang='lat' dir='ltr'>Anc&#39;rAmmu.</span> 
     </span>
    </p>
   </div>
   <div class='ocr_carea' id='block_1_2' title="bbox 612 671 2788 4297">
    <p class='ocr_par' dir='ltr' id='par_1_2' title="bbox 625 671 2788 1150">
     <span class='ocr_line' id='line_1_2' title="bbox 628 671 2788 760; baseline 0.001 -23"><span class='ocrx_word' id='word_1_5' title='bbox 628 687 703 737; x_wconf 91' lang='lat' dir='ltr'>ut</span> <span class='ocrx_word' id='word_1_6' title='bbox 734 691 969 738; x_wconf 86' lang='lat' dir='ltr'>taceam</span> <span class='ocrx_word' id='word_1_7' title='bbox 998 695 1142 760; x_wconf 84' lang='lat' dir='ltr'>quae</span> <span class='ocrx_word' id='word_1_8' title='bbox 1171 674 1239 736; x_wconf 92' lang='lat' dir='ltr'>in</span> <span class='ocrx_word' id='word_1_9' title='bbox 1266 696 1408 739; x_wconf 87' lang='lat' dir='ltr'>suos</span> <span class='ocrx_word' id='word_1_10' title='bbox 1438 674 1503 737; x_wconf 90' lang='lat' dir='ltr'>in</span> <span class='ocrx_word' id='word_1_11' title='bbox 1543 674 1797 740; x_wconf 88' lang='lat' dir='ltr'>fortuna</span> <span class='ocrx_word' id='word_1_12' title='bbox 1839 697 1967 740; x_wconf 93' lang='lat' dir='ltr'>non</span> <span class='ocrx_word' id='word_1_13' title='bbox 2007 674 2164 740; x_wconf 90' lang='lat' dir='ltr'>adeo</span> <span class='ocrx_word' id='word_1_14' title='bbox 2207 674 2380 739; x_wconf 88' lang='lat' dir='ltr'>lauta</span> <span class='ocrx_word' id='word_1_15' title='bbox 2417 671 2788 740; x_wconf 86' lang='lat' dir='ltr'>constitutos</span> 
     </span>
     <span class='ocr_line' id='line_1_3' title="bbox 629 810 2784 899; baseline 0.001 -25"><span class='ocrx_word' id='word_1_16' title='bbox 629 824 999 875; x_wconf 88' lang='lat' dir='ltr'>testamento</span> <span class='ocrx_word' id='word_1_17' title='bbox 1041 810 1521 896; x_wconf 83' lang='lat' dir='ltr'>prudentissime</span> <span class='ocrx_word' id='word_1_18' title='bbox 1562 810 1958 897; x_wconf 71' lang='lat' dir='ltr'>dispensavit.</span> <span class='ocrx_word' id='word_1_19' title='bbox 2051 810 2225 899; x_wconf 88' lang='lat' dir='ltr'>Erga</span> <span class='ocrx_word' id='word_1_20' title='bbox 2264 833 2569 898; x_wconf 82' lang='lat' dir='ltr'>pauperes</span> <span class='ocrx_word' id='word_1_21' title='bbox 2596 811 2784 878; x_wconf 86' lang='lat' dir='ltr'>etiam</span> 
     </span>
     <span class='ocr_line' id='line_1_4' title="bbox 625 945 2787 1032; baseline 0.001 -22"><span class='ocrx_word' id='word_1_22' title='bbox 625 945 969 1010; x_wconf 79' lang='lat' dir='ltr'>admodum</span> <span class='ocrx_word' id='word_1_23' title='bbox 1025 945 1317 1024; x_wconf 82' lang='lat' dir='ltr'>liberalis,</span> <span class='ocrx_word' id='word_1_24' title='bbox 1376 968 1527 1032; x_wconf 89' lang='lat' dir='ltr'>erga</span> <span class='ocrx_word' id='word_1_25' title='bbox 1594 946 1911 1012; x_wconf 85' lang='lat' dir='ltr'>universos</span> <span class='ocrx_word' id='word_1_26' title='bbox 1967 946 2050 1012; x_wconf 88' lang='lat' dir='ltr'>ad</span> <span class='ocrx_word' id='word_1_27' title='bbox 2099 970 2352 1012; x_wconf 91' lang='lat' dir='ltr'>omnem</span> <span class='ocrx_word' id='word_1_28' title='bbox 2398 946 2663 1032; x_wconf 80' lang='lat' dir='ltr'>justitiae</span> <span class='ocrx_word' id='word_1_29' title='bbox 2721 961 2787 1012; x_wconf 90' lang='lat' dir='ltr'>et</span> 
     </span>
     <span class='ocr_line' id='line_1_5' title="bbox 625 1082 1912 1150; baseline 0.002 -3"><span class='ocrx_word' id='word_1_30' title='bbox 625 1082 1030 1148; x_wconf 86' lang='lat' dir='ltr'>humanitatis</span> <span class='ocrx_word' id='word_1_31' title='bbox 1058 1084 1364 1149; x_wconf 90' lang='lat' dir='ltr'>rationem</span> <span class='ocrx_word' id='word_1_32' title='bbox 1391 1084 1912 1150; x_wconf 83' lang='lat' dir='ltr'>accommodatus.</span> 
     </span>
    </p>

    <p class='ocr_par' dir='ltr' id='par_1_3' title="bbox 612 1217 2785 3074">
     <span class='ocr_line' id='line_1_6' title="bbox 713 1217 2780 1308; baseline 0.001 -25"><span class='ocrx_word' id='word_1_33' title='bbox 713 1219 1033 1294; x_wconf 81' lang='lat' dir='ltr'><strong>Quantam</strong></span> <span class='ocrx_word' id='word_1_34' title='bbox 1064 1220 1275 1307; x_wconf 90' lang='lat' dir='ltr'>itaque</span> <span class='ocrx_word' id='word_1_35' title='bbox 1296 1222 1362 1284; x_wconf 92' lang='lat' dir='ltr'>in</span> <span class='ocrx_word' id='word_1_36' title='bbox 1392 1221 1712 1308; x_wconf 81' lang='lat' dir='ltr'>republica</span> <span class='ocrx_word' id='word_1_37' title='bbox 1738 1220 2012 1286; x_wconf 88' lang='lat' dir='ltr'>literaria</span> <span class='ocrx_word' id='word_1_38' title='bbox 2041 1217 2436 1306; x_wconf 83' lang='lat' dir='ltr'>tyrannidem</span> <span class='ocrx_word' id='word_1_39' title='bbox 2467 1219 2780 1297; x_wconf 86' lang='lat' dir='ltr'>affectant,</span> 
     </span>
     <span class='ocr_line' id='line_1_7' title="bbox 626 1353 2785 1442; baseline 0 -24"><span class='ocrx_word' id='word_1_40' title='bbox 626 1353 737 1439; x_wconf 93' lang='lat' dir='ltr'>qui</span> <span class='ocrx_word' id='word_1_41' title='bbox 786 1354 974 1420; x_wconf 88' lang='lat' dir='ltr'>talem</span> <span class='ocrx_word' id='word_1_42' title='bbox 1017 1369 1389 1442; x_wconf 89' lang='lat' dir='ltr'>tantumque</span> <span class='ocrx_word' id='word_1_43' title='bbox 1439 1357 1663 1433; x_wconf 89' lang='lat' dir='ltr'>virum,</span> <span class='ocrx_word' id='word_1_44' title='bbox 1713 1370 1786 1420; x_wconf 91' lang='lat' dir='ltr'>ut</span> <span class='ocrx_word' id='word_1_45' title='bbox 1829 1355 2088 1420; x_wconf 90' lang='lat' dir='ltr'>humani</span> <span class='ocrx_word' id='word_1_46' title='bbox 2138 1356 2386 1440; x_wconf 91' lang='lat' dir='ltr'>generis</span> <span class='ocrx_word' id='word_1_47' title='bbox 2437 1368 2674 1441; x_wconf 82' lang='lat' dir='ltr'>pestem</span> <span class='ocrx_word' id='word_1_48' title='bbox 2720 1369 2785 1419; x_wconf 87' lang='lat' dir='ltr'>et</span> 
     </span>
     <span class='ocr_line' id='line_1_8' title="bbox 623 1491 2783 1579; baseline 0 -24"><span class='ocrx_word' id='word_1_49' title='bbox 623 1491 953 1577; x_wconf 82' lang='lat' dir='ltr'>capitalem</span> <span class='ocrx_word' id='word_1_50' title='bbox 992 1492 1309 1579; x_wconf 84' lang='lat' dir='ltr'>religionis</span> <span class='ocrx_word' id='word_1_51' title='bbox 1338 1492 1665 1579; x_wconf 89' lang='lat' dir='ltr'>omnisque</span> <span class='ocrx_word' id='word_1_52' title='bbox 1694 1491 1888 1558; x_wconf 86' lang='lat' dir='ltr'>civilis</span> <span class='ocrx_word' id='word_1_53' title='bbox 1926 1491 2218 1557; x_wconf 86' lang='lat' dir='ltr'>consortii</span> <span class='ocrx_word' id='word_1_54' title='bbox 2272 1491 2594 1556; x_wconf 90' lang='lat' dir='ltr'>inimicum</span> <span class='ocrx_word' id='word_1_55' title='bbox 2639 1513 2783 1577; x_wconf 92' lang='lat' dir='ltr'>pro-</span> 
     </span>
     <span class='ocr_line' id='line_1_9' title="bbox 623 1626 2780 1715; baseline -0.001 -23"><span class='ocrx_word' id='word_1_56' title='bbox 623 1628 926 1705; x_wconf 73' lang='lat' dir='ltr'>scribunt,</span> <span class='ocrx_word' id='word_1_57' title='bbox 982 1629 1243 1715; x_wconf 90' lang='lat' dir='ltr'>ejusque</span> <span class='ocrx_word' id='word_1_58' title='bbox 1285 1626 1739 1714; x_wconf 85' lang='lat' dir='ltr'>philosophiam</span> <span class='ocrx_word' id='word_1_59' title='bbox 1782 1640 2082 1713; x_wconf 90' lang='lat' dir='ltr'>tanquam</span> <span class='ocrx_word' id='word_1_60' title='bbox 2126 1627 2392 1713; x_wconf 77' lang='lat' dir='ltr'>pessime</span> <span class='ocrx_word' id='word_1_61' title='bbox 2453 1640 2780 1703; x_wconf 88' lang='lat' dir='ltr'>moratam,</span> 
     </span>
     <span class='ocr_line' id='line_1_10' title="bbox 622 1761 2784 1851; baseline -0 -24"><span class='ocrx_word' id='word_1_62' title='bbox 622 1764 962 1850; x_wconf 88' lang='lat' dir='ltr'>impietate,</span> <span class='ocrx_word' id='word_1_63' title='bbox 1018 1764 1341 1849; x_wconf 87' lang='lat' dir='ltr'>injustitia,</span> <span class='ocrx_word' id='word_1_64' title='bbox 1419 1764 1718 1851; x_wconf 85' lang='lat' dir='ltr'>nequitia,</span> <span class='ocrx_word' id='word_1_65' title='bbox 1778 1762 2087 1828; x_wconf 87' lang='lat' dir='ltr'>discordia</span> <span class='ocrx_word' id='word_1_66' title='bbox 2144 1762 2416 1848; x_wconf 91' lang='lat' dir='ltr'>denique</span> <span class='ocrx_word' id='word_1_67' title='bbox 2473 1761 2691 1826; x_wconf 87' lang='lat' dir='ltr'>foetam</span> <span class='ocrx_word' id='word_1_68' title='bbox 2746 1784 2784 1826; x_wconf 93' lang='lat' dir='ltr'>e</span> 
     </span>
     <span class='ocr_line' id='line_1_11' title="bbox 612 1896 2783 1985; baseline -0.001 -22"><span class='ocrx_word' id='word_1_69' title='bbox 612 1900 911 1964; x_wconf 90' lang='lat' dir='ltr'>-manibus</span> <span class='ocrx_word' id='word_1_70' title='bbox 968 1900 1294 1964; x_wconf 87' lang='lat' dir='ltr'>hominum</span> <span class='ocrx_word' id='word_1_71' title='bbox 1384 1915 1678 1965; x_wconf 83' lang='lat' dir='ltr'>excutere</span> <span class='ocrx_word' id='word_1_72' title='bbox 1753 1896 2187 1964; x_wconf 80' lang='lat' dir='ltr'>contendunt?</span> <span class='ocrx_word' id='word_1_73' title='bbox 2277 1920 2472 1985; x_wconf 91' lang='lat' dir='ltr'>quum</span> <span class='ocrx_word' id='word_1_74' title='bbox 2530 1897 2783 1961; x_wconf 91' lang='lat' dir='ltr'>interim</span> 
     </span>
     <span class='ocr_line' id='line_1_12' title="bbox 620 2034 2779 2123; baseline -0 -22"><span class='ocrx_word' id='word_1_75' title='bbox 620 2050 905 2101; x_wconf 88' lang='lat' dir='ltr'>terantur</span> <span class='ocrx_word' id='word_1_76' title='bbox 959 2036 1185 2122; x_wconf 85' lang='lat' dir='ltr'>passim</span> <span class='ocrx_word' id='word_1_77' title='bbox 1248 2035 1631 2116; x_wconf 89' lang='lat' dir='ltr'>Philostrati,</span> <span class='ocrx_word' id='word_1_78' title='bbox 1705 2035 2057 2123; x_wconf 88' lang='lat' dir='ltr'>Porphyrii,</span> <span class='ocrx_word' id='word_1_79' title='bbox 2119 2035 2424 2113; x_wconf 89' lang='lat' dir='ltr'>Iamblici‚</span> <span class='ocrx_word' id='word_1_80' title='bbox 2493 2034 2779 2112; x_wconf 71' lang='lat' dir='ltr'>Luciam,</span> 
     </span>
     <span class='ocr_line' id='line_1_13' title="bbox 623 2170 2782 2261; baseline -0 -24"><span class='ocrx_word' id='word_1_81' title='bbox 623 2172 917 2259; x_wconf 89' lang='lat' dir='ltr'>Eunapii,</span> <span class='ocrx_word' id='word_1_82' title='bbox 1004 2172 1247 2251; x_wconf 87' lang='lat' dir='ltr'>Rutilii,</span> <span class='ocrx_word' id='word_1_83' title='bbox 1313 2171 1562 2251; x_wconf 90' lang='lat' dir='ltr'>Zosimi,</span> <span class='ocrx_word' id='word_1_84' title='bbox 1632 2172 2024 2261; x_wconf 90' lang='lat' dir='ltr'>aliorumque</span> <span class='ocrx_word' id='word_1_85' title='bbox 2098 2171 2439 2240; x_wconf 89' lang='lat' dir='ltr'>Christiani</span> <span class='ocrx_word' id='word_1_86' title='bbox 2511 2170 2782 2236; x_wconf 87' lang='lat' dir='ltr'>nominis</span> 
     </span>
     <span class='ocr_line' id='line_1_14' title="bbox 617 2306 2782 2396; baseline -0 -25"><span class='ocrx_word' id='word_1_87' title='bbox 617 2306 891 2373; x_wconf 85' lang='lat' dir='ltr'>hostium</span> <span class='ocrx_word' id='word_1_88' title='bbox 950 2308 1198 2394; x_wconf 89' lang='lat' dir='ltr'>scripta,</span> <span class='ocrx_word' id='word_1_89' title='bbox 1258 2307 1584 2373; x_wconf 90' lang='lat' dir='ltr'>doctorum</span> <span class='ocrx_word' id='word_1_90' title='bbox 1639 2308 1893 2396; x_wconf 91' lang='lat' dir='ltr'>insuper</span> <span class='ocrx_word' id='word_1_91' title='bbox 1941 2308 2222 2373; x_wconf 86' lang='lat' dir='ltr'>vindiciis</span> <span class='ocrx_word' id='word_1_92' title='bbox 2272 2320 2531 2385; x_wconf 84' lang='lat' dir='ltr'>ornata3</span> <span class='ocrx_word' id='word_1_93' title='bbox 2576 2329 2782 2393; x_wconf 87' lang='lat' dir='ltr'>neque</span> 
     </span>
     <span class='ocr_line' id='line_1_15' title="bbox 622 2441 2782 2530; baseline -0 -25"><span class='ocrx_word' id='word_1_94' title='bbox 622 2441 1007 2507; x_wconf 92' lang='lat' dir='ltr'>Alcoranum</span> <span class='ocrx_word' id='word_1_95' title='bbox 1066 2444 1369 2530; x_wconf 88' lang='lat' dir='ltr'>inspicere</span> <span class='ocrx_word' id='word_1_96' title='bbox 1425 2444 1599 2510; x_wconf 88' lang='lat' dir='ltr'>nefas</span> <span class='ocrx_word' id='word_1_97' title='bbox 1647 2466 1799 2521; x_wconf 84' lang='lat' dir='ltr'>esse,</span> <span class='ocrx_word' id='word_1_98' title='bbox 1863 2444 2084 2508; x_wconf 90' lang='lat' dir='ltr'>emissa</span> <span class='ocrx_word' id='word_1_99' title='bbox 2140 2466 2254 2530; x_wconf 91' lang='lat' dir='ltr'>pro</span> <span class='ocrx_word' id='word_1_100' title='bbox 2314 2465 2426 2508; x_wconf 90' lang='lat' dir='ltr'>sua</span> <span class='ocrx_word' id='word_1_101' title='bbox 2484 2441 2782 2507; x_wconf 90' lang='lat' dir='ltr'>Alcorani</span> 
     </span>
     <span class='ocr_line' id='line_1_16' title="bbox 619 2577 2783 2667; baseline 0.001 -26"><span class='ocrx_word' id='word_1_102' title='bbox 619 2577 895 2643; x_wconf 85' lang='lat' dir='ltr'>editione</span> <span class='ocrx_word' id='word_1_103' title='bbox 959 2579 1265 2667; x_wconf 86' lang='lat' dir='ltr'>apologia,</span> <span class='ocrx_word' id='word_1_104' title='bbox 1342 2580 1618 2646; x_wconf 87' lang='lat' dir='ltr'>ostendit</span> <span class='ocrx_word' id='word_1_105' title='bbox 1674 2580 2046 2645; x_wconf 88' lang='lat' dir='ltr'>Theodorus</span> <span class='ocrx_word' id='word_1_106' title='bbox 2109 2578 2496 2658; x_wconf 90' lang='lat' dir='ltr'>Bibliander,</span> <span class='ocrx_word' id='word_1_107' title='bbox 2557 2578 2652 2642; x_wconf 85' lang='lat' dir='ltr'>vir</span> <span class='ocrx_word' id='word_1_108' title='bbox 2709 2592 2783 2643; x_wconf 85' lang='lat' dir='ltr'>ut</span> 
     </span>
     <span class='ocr_line' id='line_1_17' title="bbox 618 2713 2780 2802; baseline 0 -25"><span class='ocrx_word' id='word_1_109' title='bbox 618 2715 1119 2801; x_wconf 90' lang='lat' dir='ltr'>incomparabilis</span> <span class='ocrx_word' id='word_1_110' title='bbox 1191 2714 1513 2792; x_wconf 85' lang='lat' dir='ltr'>doctrinae,</span> <span class='ocrx_word' id='word_1_111' title='bbox 1573 2715 1968 2802; x_wconf 71' lang='lat' dir='ltr'>eloquentiae,</span> <span class='ocrx_word' id='word_1_112' title='bbox 2022 2739 2095 2780; x_wconf 89' lang='lat' dir='ltr'>ac</span> <span class='ocrx_word' id='word_1_113' title='bbox 2169 2716 2368 2781; x_wconf 86' lang='lat' dir='ltr'>tribus</span> <span class='ocrx_word' id='word_1_114' title='bbox 2425 2716 2491 2779; x_wconf 91' lang='lat' dir='ltr'>in</span> <span class='ocrx_word' id='word_1_115' title='bbox 2549 2713 2780 2800; x_wconf 89' lang='lat' dir='ltr'>linguis</span> 
     </span>
     <span class='ocr_line' id='line_1_18' title="bbox 618 2849 2782 2937; baseline 0 -24"><span class='ocrx_word' id='word_1_116' title='bbox 618 2851 1022 2935; x_wconf 86' lang='lat' dir='ltr'>praestantiae,</span> <span class='ocrx_word' id='word_1_117' title='bbox 1066 2850 1153 2915; x_wconf 93' lang='lat' dir='ltr'>sic</span> <span class='ocrx_word' id='word_1_118' title='bbox 1191 2850 1442 2936; x_wconf 91' lang='lat' dir='ltr'>pietate,</span> <span class='ocrx_word' id='word_1_119' title='bbox 1479 2850 1758 2916; x_wconf 90' lang='lat' dir='ltr'>moribus</span> <span class='ocrx_word' id='word_1_120' title='bbox 1786 2865 1851 2915; x_wconf 90' lang='lat' dir='ltr'>et</span> <span class='ocrx_word' id='word_1_121' title='bbox 1877 2851 2007 2915; x_wconf 86' lang='lat' dir='ltr'>vita</span> <span class='ocrx_word' id='word_1_122' title='bbox 2040 2851 2359 2937; x_wconf 86' lang='lat' dir='ltr'>exemplar</span> <span class='ocrx_word' id='word_1_123' title='bbox 2397 2851 2699 2928; x_wconf 90' lang='lat' dir='ltr'>omnium,</span> <span class='ocrx_word' id='word_1_124' title='bbox 2729 2849 2782 2913; x_wconf 93' lang='lat' dir='ltr'>si</span> 
     </span>
     <span class='ocr_line' id='line_1_19' title="bbox 625 2985 2181 3074; baseline 0.001 -24"><span class='ocrx_word' id='word_1_125' title='bbox 625 2986 910 3051; x_wconf 88' lang='lat' dir='ltr'>Gesnero</span> <span class='ocrx_word' id='word_1_126' title='bbox 941 2986 1214 3051; x_wconf 91' lang='lat' dir='ltr'>Varroni</span> <span class='ocrx_word' id='word_1_127' title='bbox 1247 2986 1601 3074; x_wconf 88' lang='lat' dir='ltr'>Tigurino†</span> <span class='ocrx_word' id='word_1_128' title='bbox 1624 2985 1779 3050; x_wconf 87' lang='lat' dir='ltr'>fides</span> <span class='ocrx_word' id='word_1_129' title='bbox 1807 2986 2181 3051; x_wconf 82' lang='lat' dir='ltr'>adhibenda.</span> 
     </span>
    </p>

    <p class='ocr_par' dir='ltr' id='par_1_4' title="bbox 619 3122 2780 4297">
     <span class='ocr_line' id='line_1_20' title="bbox 705 3122 2777 3210; baseline -0 -23"><span class='ocrx_word' id='word_1_130' title='bbox 705 3122 747 3187; x_wconf 92' lang='lat' dir='ltr'><strong>J</strong></span> <span class='ocrx_word' id='word_1_131' title='bbox 751 3137 960 3187; x_wconf 92' lang='lat' dir='ltr'>ustum</span> <span class='ocrx_word' id='word_1_132' title='bbox 990 3123 1181 3210; x_wconf 88' lang='lat' dir='ltr'>igitur</span> <span class='ocrx_word' id='word_1_133' title='bbox 1199 3145 1463 3187; x_wconf 86' lang='lat' dir='ltr'>examen</span> <span class='ocrx_word' id='word_1_134' title='bbox 1485 3123 1751 3187; x_wconf 87' lang='lat' dir='ltr'>subeant</span> <span class='ocrx_word' id='word_1_135' title='bbox 1778 3122 2137 3201; x_wconf 88' lang='lat' dir='ltr'>Hobbiana,</span> <span class='ocrx_word' id='word_1_136' title='bbox 2160 3122 2520 3209; x_wconf 87' lang='lat' dir='ltr'>prudentes,</span> <span class='ocrx_word' id='word_1_137' title='bbox 2552 3144 2777 3209; x_wconf 77' lang='lat' dir='ltr'>aequos,</span> 
     </span>
     <span class='ocr_line' id='line_1_21' title="bbox 621 3257 2780 3345; baseline -0 -23"><span class='ocrx_word' id='word_1_138' title='bbox 621 3257 947 3323; x_wconf 83' lang='lat' dir='ltr'>affectibus</span> <span class='ocrx_word' id='word_1_139' title='bbox 1001 3258 1231 3323; x_wconf 89' lang='lat' dir='ltr'>liberos</span> <span class='ocrx_word' id='word_1_140' title='bbox 1287 3258 1693 3345; x_wconf 87' lang='lat' dir='ltr'>experiantur</span> <span class='ocrx_word' id='word_1_141' title='bbox 1740 3257 2022 3343; x_wconf 87' lang='lat' dir='ltr'>judices:</span> <span class='ocrx_word' id='word_1_142' title='bbox 2088 3257 2260 3345; x_wconf 92' lang='lat' dir='ltr'>quod</span> <span class='ocrx_word' id='word_1_143' title='bbox 2316 3279 2533 3323; x_wconf 86' lang='lat' dir='ltr'>verum</span> <span class='ocrx_word' id='word_1_144' title='bbox 2589 3273 2780 3344; x_wconf 91' lang='lat' dir='ltr'>atque</span> 
     </span>
     <span class='ocr_line' id='line_1_22' title="bbox 621 3393 2779 3481; baseline 0 -22"><span class='ocrx_word' id='word_1_145' title='bbox 621 3394 859 3460; x_wconf 91' lang='lat' dir='ltr'>bonum</span> <span class='ocrx_word' id='word_1_146' title='bbox 888 3397 953 3460; x_wconf 90' lang='lat' dir='ltr'>in</span> <span class='ocrx_word' id='word_1_147' title='bbox 984 3395 1289 3461; x_wconf 87' lang='lat' dir='ltr'>humanos</span> <span class='ocrx_word' id='word_1_148' title='bbox 1319 3418 1465 3460; x_wconf 91' lang='lat' dir='ltr'>usus</span> <span class='ocrx_word' id='word_1_149' title='bbox 1496 3394 1934 3472; x_wconf 84' lang='lat' dir='ltr'>transferatur3</span> <span class='ocrx_word' id='word_1_150' title='bbox 1977 3393 2147 3481; x_wconf 92' lang='lat' dir='ltr'>quod</span> <span class='ocrx_word' id='word_1_151' title='bbox 2175 3393 2390 3471; x_wconf 90' lang='lat' dir='ltr'>secius,</span> <span class='ocrx_word' id='word_1_152' title='bbox 2419 3416 2545 3480; x_wconf 91' lang='lat' dir='ltr'>quo</span> <span class='ocrx_word' id='word_1_153' title='bbox 2573 3394 2779 3459; x_wconf 84' lang='lat' dir='ltr'>minus</span> 
     </span>
     <span class='ocr_line' id='line_1_23' title="bbox 621 3528 2780 3616; baseline -0 -22"><span class='ocrx_word' id='word_1_154' title='bbox 621 3530 975 3609; x_wconf 88' lang='lat' dir='ltr'>damnetur,</span> <span class='ocrx_word' id='word_1_155' title='bbox 997 3554 1123 3596; x_wconf 91' lang='lat' dir='ltr'>non</span> <span class='ocrx_word' id='word_1_156' title='bbox 1142 3553 1515 3596; x_wconf 85' lang='lat' dir='ltr'>recusamus.</span> <span class='ocrx_word' id='word_1_157' title='bbox 1605 3529 1719 3594; x_wconf 88' lang='lat' dir='ltr'>Vis</span> <span class='ocrx_word' id='word_1_158' title='bbox 1748 3529 1854 3594; x_wconf 91' lang='lat' dir='ltr'>illa</span> <span class='ocrx_word' id='word_1_159' title='bbox 1882 3528 2166 3605; x_wconf 88' lang='lat' dir='ltr'>coelestis‚</span> <span class='ocrx_word' id='word_1_160' title='bbox 2200 3551 2343 3615; x_wconf 85' lang='lat' dir='ltr'>quae</span> <span class='ocrx_word' id='word_1_161' title='bbox 2372 3541 2596 3593; x_wconf 90' lang='lat' dir='ltr'>cuncta</span> <span class='ocrx_word' id='word_1_162' title='bbox 2617 3528 2780 3616; x_wconf 86' lang='lat' dir='ltr'>regit</span> 
     </span>
     <span class='ocr_line' id='line_1_24' title="bbox 619 3663 2774 3753; baseline -0.001 -22"><span class='ocrx_word' id='word_1_163' title='bbox 619 3689 695 3731; x_wconf 87' lang='lat' dir='ltr'>ac</span> <span class='ocrx_word' id='word_1_164' title='bbox 746 3665 1123 3745; x_wconf 88' lang='lat' dir='ltr'>moderatur,</span> <span class='ocrx_word' id='word_1_165' title='bbox 1177 3668 1464 3732; x_wconf 89' lang='lat' dir='ltr'>universa</span> <span class='ocrx_word' id='word_1_166' title='bbox 1519 3666 1701 3732; x_wconf 90' lang='lat' dir='ltr'>bonis</span> <span class='ocrx_word' id='word_1_167' title='bbox 1750 3665 2053 3753; x_wconf 90' lang='lat' dir='ltr'>malisque</span> <span class='ocrx_word' id='word_1_168' title='bbox 2108 3663 2423 3752; x_wconf 83' lang='lat' dir='ltr'>variegata</span> <span class='ocrx_word' id='word_1_169' title='bbox 2479 3665 2774 3731; x_wconf 84' lang='lat' dir='ltr'>sustinet:</span> 
     </span>
     <span class='ocr_line' id='line_1_25' title="bbox 623 3801 2778 3889; baseline 0.001 -24"><span class='ocrx_word' id='word_1_170' title='bbox 623 3822 736 3865; x_wconf 90' lang='lat' dir='ltr'>nos</span> <span class='ocrx_word' id='word_1_171' title='bbox 764 3801 1036 3881; x_wconf 90' lang='lat' dir='ltr'>interim,</span> <span class='ocrx_word' id='word_1_172' title='bbox 1062 3803 1144 3868; x_wconf 93' lang='lat' dir='ltr'>ob</span> <span class='ocrx_word' id='word_1_173' title='bbox 1175 3801 1467 3889; x_wconf 84' lang='lat' dir='ltr'>quaedam</span> <span class='ocrx_word' id='word_1_174' title='bbox 1491 3824 1635 3889; x_wconf 83' lang='lat' dir='ltr'>quae</span> <span class='ocrx_word' id='word_1_175' title='bbox 1658 3801 1978 3867; x_wconf 85' lang='lat' dir='ltr'>arrideant</span> <span class='ocrx_word' id='word_1_176' title='bbox 1998 3801 2226 3879; x_wconf 89' lang='lat' dir='ltr'>minus,</span> <span class='ocrx_word' id='word_1_177' title='bbox 2250 3802 2487 3888; x_wconf 86' lang='lat' dir='ltr'>optima</span> <span class='ocrx_word' id='word_1_178' title='bbox 2508 3825 2778 3889; x_wconf 86' lang='lat' dir='ltr'>quaeque</span> 
     </span>
     <span class='ocr_line' id='line_1_26' title="bbox 622 3935 2775 4025; baseline 0.001 -26"><span class='ocrx_word' id='word_1_179' title='bbox 622 3936 704 4001; x_wconf 93' lang='lat' dir='ltr'>de</span> <span class='ocrx_word' id='word_1_180' title='bbox 731 3937 937 4002; x_wconf 89' lang='lat' dir='ltr'>medio</span> <span class='ocrx_word' id='word_1_181' title='bbox 961 3937 1195 4016; x_wconf 87' lang='lat' dir='ltr'>tollere,</span> <span class='ocrx_word' id='word_1_182' title='bbox 1221 3960 1475 4025; x_wconf 86' lang='lat' dir='ltr'>aequum</span> <span class='ocrx_word' id='word_1_183' title='bbox 1498 3960 1627 4002; x_wconf 91' lang='lat' dir='ltr'>non</span> <span class='ocrx_word' id='word_1_184' title='bbox 1650 3953 1761 4001; x_wconf 84' lang='lat' dir='ltr'>est.</span> <span class='ocrx_word' id='word_1_185' title='bbox 1852 3936 2110 4001; x_wconf 89' lang='lat' dir='ltr'>Frustra</span> <span class='ocrx_word' id='word_1_186' title='bbox 2131 3935 2376 4000; x_wconf 86' lang='lat' dir='ltr'>veritati</span> <span class='ocrx_word' id='word_1_187' title='bbox 2405 3936 2775 4023; x_wconf 59' lang='lat' dir='ltr'>ignorantias</span> 
     </span>
     <span class='ocr_line' id='line_1_27' title="bbox 622 4071 2774 4162; baseline 0.001 -25"><span class='ocrx_word' id='word_1_188' title='bbox 622 4073 875 4160; x_wconf 87' lang='lat' dir='ltr'>clypeus</span> <span class='ocrx_word' id='word_1_189' title='bbox 916 4073 1279 4159; x_wconf 85' lang='lat' dir='ltr'>praefertur:</span> <span class='ocrx_word' id='word_1_190' title='bbox 1343 4074 1579 4162; x_wconf 90' lang='lat' dir='ltr'>diuque</span> <span class='ocrx_word' id='word_1_191' title='bbox 1622 4074 1807 4139; x_wconf 89' lang='lat' dir='ltr'>nimis</span> <span class='ocrx_word' id='word_1_192' title='bbox 1854 4074 1919 4138; x_wconf 94' lang='lat' dir='ltr'>in</span> <span class='ocrx_word' id='word_1_193' title='bbox 1972 4095 2364 4139; x_wconf 88' lang='lat' dir='ltr'>communem</span> <span class='ocrx_word' id='word_1_194' title='bbox 2433 4071 2774 4139; x_wconf 67' lang='lat' dir='ltr'>literaturae</span> 
     </span>
     <span class='ocr_line' id='line_1_28' title="bbox 622 4209 2771 4297; baseline 0 -26"><span class='ocrx_word' id='word_1_195' title='bbox 622 4209 985 4293; x_wconf 90' lang='lat' dir='ltr'>perniciem,</span> <span class='ocrx_word' id='word_1_196' title='bbox 1038 4225 1352 4297; x_wconf 85' lang='lat' dir='ltr'>grassatus</span> <span class='ocrx_word' id='word_1_197' title='bbox 1397 4225 1491 4276; x_wconf 86' lang='lat' dir='ltr'>est</span> <span class='ocrx_word' id='word_1_198' title='bbox 1536 4211 1930 4297; x_wconf 90' lang='lat' dir='ltr'>importunus</span> <span class='ocrx_word' id='word_1_199' title='bbox 1984 4209 2380 4296; x_wconf 87' lang='lat' dir='ltr'>quorundam</span> <span class='ocrx_word' id='word_1_200' title='bbox 2437 4230 2588 4286; x_wconf 76' lang='lat' dir='ltr'>moS,</span> <span class='ocrx_word' id='word_1_201' title='bbox 2643 4209 2771 4294; x_wconf 89' lang='lat' dir='ltr'>qui,</span> 
     </span>
    </p>
   </div>
   <div class='ocr_carea' id='block_1_3' title="bbox 622 4343 2773 4434">
    <p class='ocr_par' dir='ltr' id='par_1_5' title="bbox 622 4343 2773 4434">
     <span class='ocr_line' id='line_1_29' title="bbox 622 4343 2773 4434; baseline 0.001 -28"><span class='ocrx_word' id='word_1_202' title='bbox 622 4343 987 4428; x_wconf 91' lang='lat' dir='ltr'>opinionum</span> <span class='ocrx_word' id='word_1_203' title='bbox 1028 4345 1153 4412; x_wconf 91' lang='lat' dir='ltr'>suis</span> <span class='ocrx_word' id='word_1_204' title='bbox 1195 4346 1596 4413; x_wconf 86' lang='lat' dir='ltr'>adversarum</span> <span class='ocrx_word' id='word_1_205' title='bbox 1641 4346 1861 4434; x_wconf 88' lang='lat' dir='ltr'>gratia,</span> <span class='ocrx_word' id='word_1_206' title='bbox 1893 4345 2091 4411; x_wconf 89' lang='lat' dir='ltr'>doctis</span> <span class='ocrx_word' id='word_1_207' title='bbox 2131 4345 2497 4410; x_wconf 86' lang='lat' dir='ltr'>authoribus</span> <span class='ocrx_word' id='word_1_208' title='bbox 2539 4343 2773 4410; x_wconf 87' lang='lat' dir='ltr'>bellum</span> 
     </span>
    </p>
   </div>
   <div class='ocr_carea' id='block_1_4' title="bbox 1448 4511 1912 4574">
    <p class='ocr_par' dir='ltr' id='par_1_6' title="bbox 1448 4511 1912 4574">
     <span class='ocr_line' id='line_1_30' title="bbox 1448 4511 1912 4574; baseline 0 -14"><span class='ocrx_word' id='word_1_209' title='bbox 1448 4516 1482 4574; x_wconf 81' lang='lat'>†</span> <span class='ocrx_word' id='word_1_210' title='bbox 1519 4513 1573 4560; x_wconf 90' lang='lat' dir='ltr'>In</span> <span class='ocrx_word' id='word_1_211' title='bbox 1601 4511 1912 4561; x_wconf 77' lang='lat' dir='ltr'>Bibliotheca.</span> 
     </span>
    </p>
   </div>
  </div>
 </body>
</html>
