3182 5102
759 437 905 503 326
1600 448 1983 501 PHYSICA.

403 625 574 675 PARS
600 624 686 675 IV·
753 639 999 691 rerum
1032 615 1476 688 somniantes
1507 613 1979 688 admiramur.
2086 614 2418 689 Quorum
2448 630 2837 707 φωνομενων

430 693 679 797 κ-ί-ι
752 754 915 825 quae
970 752 1210 802 causae
1259 753 1415 801 esse
1446 740 1779 825 possunt,
1829 753 1981 802 non
2028 739 2142 802 est
2189 727 2481 800 difficile
2521 750 2614 798 ex
2644 748 2836 821 prae-

420 830 691 943 {ssffenffim’
750 842 1176 915 cedentibus
1243 842 1590 915 indicare.
1716 841 1939 916 Quod
2002 841 2099 915 ad
2162 841 2480 937 primum
2544 839 2835 927 attinet,

751 958 926 1054 quia
958 956 1139 1029 ordo
1175 967 1250 1029 et
1281 957 1730 1029 cohaerentia
1755 957 1992 1028 omnis
2014 981 2062 1028 a
2083 954 2449 1051 frequenti
2481 953 2579 1026 ad
2608 954 2837 1024 finem

752 1070 1302 1167 respectatione,
1353 1069 1433 1142 id
1465 1081 1599 1158 est,
1634 1094 1681 1143 a
1714 1069 2015 1142 consilio
2061 1069 2317 1157 oritur,
2368 1089 2663 1140 necesse
2698 1076 2836 1153 est,

751 1184 1018 1258 amissa
1062 1207 1196 1279 per
1240 1207 1577 1256 somnum
1633 1183 2075 1280 cogitatione
2123 1183 2313 1271 finis,
2363 1191 2449 1253 ut
2495 1180 2839 1276 phantas-

753 1310 950 1371 mata
1004 1297 1151 1370 alia
1188 1296 1348 1370 aliis
1405 1297 1805 1370 succedant
1854 1320 2006 1369 non
2054 1296 2363 1391 amplius
2412 1319 2500 1367 eo
2552 1292 2836 1381 ordine,

751 1413 878 1508 qui
910 1411 1007 1485 ad
1038 1412 1260 1484 finem
1293 1411 1555 1503 tendit,
1590 1411 1722 1485 sed
1752 1422 1838 1484 ut
1870 1412 2254 1508 contingit,
2287 1420 2514 1505 utque
2549 1408 2841 1503 objecta

753 1527 972 1616 visus,
1010 1549 1156 1621 quo
1208 1537 1539 1622 tempore
1596 1525 2099 1599 indifferenter
2156 1549 2233 1598 se
2291 1524 2517 1596 habet
2573 1520 2838 1617 aliquis

753 1639 849 1712 ad
896 1639 1211 1712 visibilia
1266 1640 1537 1729 omnia,
1600 1664 1647 1713 a
1676 1639 1972 1712 vidente
2029 1663 2180 1713 non
2240 1639 2415 1734 quia
2461 1635 2644 1726 vult,
2703 1634 2837 1707 sed

754 1752 926 1848 quia
957 1777 1107 1825 non
1159 1753 1418 1825 clausit
1477 1754 1751 1843 ocuIOS,
1805 1753 2010 1826 nullo
2071 1753 2328 1826 ordine
2361 1750 2835 1847 aspiciuntur.

755 1865 1176 1939 Secundum
1228 1876 1478 1939 autem
1537 1891 1628 1940 ex
1688 1891 1776 1939 eo
1844 1868 2193 1958 nascitur,
2254 1864 2453 1962 quod
2509 1872 2837 1937 cessante

752 1979 1112 2069 sensione,
1147 1991 1391 2052 motus
1424 2004 1658 2054 novus
1692 1981 1785 2053 ab
1837 1982 2145 2077 objectis
2176 1980 2420 2053 nullus
2453 1987 2584 2052 est.
2687 1976 2842 2049 Ita-

755 2116 896 2189 que
961 2116 1102 2165 nec
1168 2116 1442 2166 novum
1518 2094 1956 2190 phantasma
2019 2094 2276 2183 ullum,
2340 2092 2483 2165 nisi
2563 2113 2841 2163 novum

754 2205 1154 2279 dixerimus
1231 2206 1432 2301 quod
1500 2207 1993 2303 compositum
2076 2218 2190 2279 est
2268 2229 2358 2279 ex
2443 2203 2838 2293 veteribuS,

752 2330 840 2391 ut
887 2318 1273 2408 Chimaera,
1307 2342 1517 2392 mons
1564 2344 1828 2395 aureus
1864 2332 1939 2393 et
1972 2319 2257 2394 similia.
2358 2318 2480 2391 Ad
2510 2318 2839 2407 tertium,

755 2454 980 2526 quare
1014 2431 1378 2504 somnium
1412 2433 1806 2528 aliquando
1841 2434 2049 2530 quasi
2081 2458 2251 2506 cum
2300 2432 2635 2506 sensione
2670 2456 2843 2505 con-

753 2543 1122 2619 tinuatum
1178 2546 1541 2642 corruptis
1582 2547 1715 2621 fiat
1757 2547 2289 2644 phantasmatis
2340 2557 2427 2620 ut
2475 2546 2554 2618 in
2605 2569 2841 2642 aegro-

753 2658 1105 2748 tantibuS,
1174 2659 1362 2732 ratio
1429 2660 1818 2734 manifesta
1883 2673 2020 2751 est,
2106 2660 2305 2756 quod
2386 2660 2626 2733 sensio
2710 2681 2844 2756 per

755 2795 1036 2868 organa
1080 2772 1375 2867 quidem
1426 2773 1570 2847 alia
1618 2785 1890 2864 manet,
1923 2797 2058 2870 per
2090 2774 2236 2848 alia
2267 2774 2535 2847 deficit.
2641 2772 2846 2846 Quo-

753 2884 978 2958 modo
1012 2895 1284 2975 autem,
1319 2887 1573 2982 sopitis
1624 2887 1963 2960 omnibus
2003 2887 2301 2984 organis
2335 2885 2842 2975 exterioribus,

755 2999 1272 3094 phantasmata
1303 3011 1551 3072 tamen
1588 3000 1924 3095 quaedam
1959 3001 2390 3073 resuscitata
2423 3011 2619 3088 sunt,
2658 2999 2846 3071 diffi-

757 3111 966 3185 cilius
1020 3110 1224 3185 dictu
1271 3120 1404 3184 est.
1507 3113 2003 3186 Nihilominus
2036 3114 2113 3187 id
2156 3136 2444 3210 quoque
2476 3113 2555 3185 in
2588 3113 2845 3185 iisdem

756 3225 1339 3321 praecedentibus
1399 3249 1694 3299 causam
1759 3227 2003 3300 habet.
2109 3226 2586 3322 Quaecunque
2649 3226 2846 3298 enim

758 3338 1177 3434 meningem
1229 3349 1560 3411 teneram
1621 3339 2078 3430 concutiunt,
2144 3340 2657 3436 phantasmata
2722 3363 2847 3412 ex-

759 3451 992 3524 citant
1025 3451 1268 3547 aliqua
1293 3476 1384 3525 ex
1409 3453 1521 3543 iis,
1545 3477 1859 3548 quorum
1892 3465 2134 3527 motus
2168 3454 2245 3526 in
2272 3454 2572 3526 cerebro
2605 3452 2849 3525 adhuc

761 3564 1071 3650 durant;
1125 3577 1202 3638 et
1235 3565 1360 3660 qui
1392 3577 1637 3639 motus
1672 3568 1956 3640 caeteris
1995 3566 2593 3663 praedominatur,
2627 3566 2722 3639 ab
2757 3591 2849 3640 eo

761 3688 969 3750 motu
1004 3677 1237 3751 oritur
1287 3678 1744 3774 phantasma,
1782 3681 1841 3753 si
1900 3679 2123 3753 modo
2174 3680 2268 3753 ab
2302 3681 2599 3753 interno
2636 3694 2848 3754 motu

762 3790 1004 3864 cordis
1062 3792 1489 3865 membrana
1552 3793 1679 3866 illa
1744 3794 2228 3867 concutiatur.
2337 3794 2487 3868 Qui
2552 3794 2850 3889 quidem

762 3915 1005 3977 motus
1031 3904 1273 3978 cordis
1300 3917 1472 3979 sunt
1496 3908 1864 4004 appetitus
1890 3920 1965 3981 et
1988 3908 2424 3998 aversioneS,
2461 3908 2553 3981 de
2587 3909 2853 4005 quibus

761 4040 935 4089 mox
970 4016 1361 4091 dicendum
1395 4030 1527 4092 est.
1633 4019 1840 4094 Sicut
1872 4033 2116 4094 autem
2167 4021 2531 4118 appetitus
2566 4031 2641 4094 et
2673 4021 2853 4118 fuga

763 4153 808 4201 a
857 4130 1409 4226 phantasmatiS,
1464 4132 1570 4206 ita
1623 4144 1699 4207 et
1760 4136 2275 4230 phantasmata
2354 4158 2444 4207 ex
2522 4136 2853 4232 appetitu

764 4256 838 4315 et
889 4244 1067 4340 fuga
1122 4245 1441 4317 vicissim
1493 4259 1964 4342 generantur.
2067 4249 2398 4345 Exempli
2458 4273 2702 4338 causa,
2756 4274 2851 4322 ex

763 4357 872 4428 ira
905 4371 981 4429 et
1013 4382 1263 4454 pugna
1295 4360 1623 4434 nascitur
1681 4362 1756 4434 in
1814 4362 2034 4435 corde
2069 4362 2268 4435 calor
2295 4394 2315 4447 ;
2368 4373 2444 4435 et
2476 4386 2725 4436 rursus
2759 4388 2853 4437 ex
