3182 5102
1016 519 1122 570 nn
1161 519 1746 572 PHILOSOPHIA.
2374 508 2420 574 9

345 709 834 795 caeteramque
887 700 1431 795 jucunditatem
1471 701 1653 774 inde
1705 702 2260 798 provenientem
2309 714 2424 777 ta-
2520 729 2695 779 PARs
2720 729 2763 779 ῐ.

348 813 672 904 ceamus)
715 825 993 909 quanta
1026 813 1122 886 sit
1151 814 1459 887 utilitas
2506 798 2772 903 „je-2

448 934 516 997 8.
573 926 1001 1022 Subjectum
1066 927 1579 1024 Philosophiae,
1652 927 1804 1001 sive
1859 928 2172 1001 materia
2225 929 2423 1002 circa
2481 935 2779 998 SubJ'ectum·

353 1063 569 1134 quam
611 1051 972 1129 versatur,
1029 1052 1144 1113 est
1179 1065 1446 1137 corpus
1502 1065 1720 1114 omne
1776 1043 1984 1138 cujus
2038 1043 2421 1138 generatio

352 1153 597 1249 aliqua
662 1153 977 1250 concipi,
1055 1164 1131 1225 et
1199 1155 1314 1249 cuj
1325 1179 1409 1227 us
1478 1155 1935 1251 comparatio
2016 1156 2422 1229 secundum

349 1265 572 1339 ullam
618 1267 774 1362 ejus
809 1266 1476 1340 considerationem
1525 1268 1821 1341 institui
1874 1280 2147 1365 potest.
2253 1271 2422 1343 Sive

352 1380 429 1451 in
464 1379 727 1476 quibus
761 1379 1197 1475 compositio
1234 1393 1312 1453 et
1345 1381 1696 1454 resolutio
1732 1382 1977 1454 locum
2010 1383 2239 1456 habet
2274 1413 2293 1466 ;
2346 1383 2423 1456 id

352 1505 467 1565 est
499 1516 714 1565 omne
744 1516 1011 1588 corpus
1033 1492 1232 1588 quod
1258 1494 1622 1589 generari,
1659 1494 1775 1566 vel
1802 1494 2122 1592 aliquam
2147 1496 2421 1569 habere

350 1606 878 1702 proprietatem
913 1605 1227 1702 intelligi
1259 1619 1530 1702 potest.

449 1719 860 1791 Deducitur
881 1730 1128 1791 autem
1154 1719 1298 1792 hoc
1331 1744 1422 1792 ex
1447 1720 1613 1816 ipsa
1643 1721 2130 1817 philosophiae
2165 1720 2423 1794 defini-

350 1830 579 1921 tione,
616 1834 826 1928 cujus
859 1855 1126 1904 munus
1155 1843 1277 1905 est
1309 1832 1425 1904 vel
1457 1833 1955 1929 proprietates
1991 1857 2082 1906 ex
2115 1856 2426 1929 genera-

352 1943 578 2032 tione,
625 1944 742 2016 vel
778 1944 1332 2040 generationem
1369 1969 1459 2017 ex
1491 1945 2072 2041 proprietatibus
2123 1945 2428 2019 investi-

349 2081 560 2152 gare3
595 2057 723 2130 ubi
752 2081 929 2153 ergo
951 2057 1332 2152 generatio
1352 2058 1577 2141 nulla,
1603 2070 1734 2131 aut
1758 2059 1961 2132 nulla
1983 2059 2423 2156 proprietas,

350 2171 455 2243 ibi
492 2170 693 2244 nulla
724 2170 1192 2267 philosophia
1231 2171 1697 2267 intelligitur.
1802 2174 2062 2268 Itaque
2099 2172 2426 2246 excludit

352 2309 399 2356 a
430 2308 509 2356 se
552 2283 1042 2381 philosophia,
1097 2284 1601 2381 Theologiam,
1659 2286 2070 2359 doctrinam
2126 2285 2291 2359 dico
2335 2287 2425 2359 de

350 2411 621 2469 natura
685 2407 765 2469 et
831 2395 1210 2470 attributis
1279 2396 1442 2487 Dei,
1527 2399 1812 2488 aeterni,
1877 2398 2426 2494 -ingenerabiliS,

352 2510 1136 2606 incomprehensibilis,
1162 2521 1237 2582 et
1260 2510 1335 2583 in
1366 2534 1512 2608 quo
1541 2510 1745 2584 nulla
1768 2511 2204 2608 compositio
2226 2512 2430 2585 nulla

353 2623 616 2697 divisio
652 2624 967 2712 institui,
1003 2623 1206 2695 nulla
1238 2624 1621 2720 generatio
1658 2625 1974 2721 intelligi
2006 2636 2279 2722 potest.

453 2736 801 2809 Excludit
872 2737 1284 2810 doctrinam
1349 2737 1439 2809 de
1508 2738 1789 2833 angelis
1860 2750 1936 2811 et
1997 2739 2216 2812 rebus
2284 2738 2428 2811 illis

355 2850 695 2922 omnibus
730 2873 895 2945 quae
928 2873 1067 2921 nec
1103 2873 1438 2945 corpora,
1497 2873 1636 2922 nec
1692 2874 2086 2947 corporum
2119 2851 2428 2924 affectus

355 2962 872 3034 existimantur
903 2992 921 3044 ;
990 2962 1165 3057 quia
1216 2963 1293 3035 in
1361 2962 1503 3035 illis
1569 2963 1776 3036 locus
1834 2988 1986 3037 non
2054 2975 2169 3037 est
2229 2988 2428 3038 (10111ῳ

355 3073 730 3169 positioni,
766 3097 904 3146 nec
938 3074 1304 3162 divisioni,
1341 3086 1428 3147 ut
1460 3075 1536 3146 in
1574 3076 1838 3171 quibus
1866 3100 2017 3149 non
2047 3088 2161 3148 est
2194 3077 2429 3173 magis

349 3211 494 3260 nec
528 3187 796 3274 minuS,
826 3185 905 3258 id
937 3198 1074 3276 est,
1110 3187 1354 3260 nullus
1380 3188 1586 3261 locus
1621 3189 2194 3262 ratiocinationi.

456 3298 804 3372 Excludit
834 3299 1220 3372 historiam
1256 3312 1410 3373 tam
1444 3302 1859 3374 naturalem
1913 3326 2134 3398 quam
2180 3301 2432 3398 politi,-

360 3437 545 3501 cam,
570 3413 709 3484 etsi
738 3412 1221 3508 philosophiae
1240 3413 1692 3503 utilissimaS,
1718 3414 1894 3505 (imo
1915 3414 2423 3510 necessariaS,)

362 3526 537 3621 quia
564 3524 893 3621 cognitio
930 3526 1097 3598 talis
1132 3537 1264 3599 aut
1296 3527 1752 3623 experientia
1771 3539 1909 3617 est,
1936 3540 2067 3601 aut
2102 3529 2431 3605 authori-.-

362 3652 503 3728 taS,
538 3663 691 3711 non
727 3650 976 3711 autem
1010 3640 1505 3713 ratiocinatio.

458 3750 808 3825 Excludit
843 3753 1226 3826 scientiam
1258 3778 1555 3827 omnem
1590 3778 1756 3850 quae
1792 3754 2029 3827 oritur
2059 3779 2147 3827 ex
2184 3755 2435 3831 divina

359 3865 866 3963 inspiratione,
902 3867 1019 3939 vel
1072 3867 1545 3957 revelatione,
1609 3867 1879 3963 quippe
1913 3892 2079 3964 quae
2132 3893 2283 3943 non
2319 3884 2435 3944 est

364 3979 724 4075 acquisita
788 3978 1100 4066 ratione,
1157 3979 1286 4052 sed
1351 3980 1595 4076 gratia
1660 3978 1911 4052 divina
1964 3993 2039 4054 et
2091 3994 2266 4056 actu
2319 3983 2434 4059 im-

353 4104 753 4164 -stantaneo
829 4093 1070 4187 (quasi
1127 4093 1367 4166 sensio
1424 4093 1762 4189 quaedam
1815 4095 2425 4190 supernaturalis)

365 4203 558 4278 dono
594 4204 793 4277 data.

459 4316 808 4406 Excludit
859 4316 1270 4391 doctrinam
1322 4341 1616 4392 omnem
1668 4342 1819 4392 non
1871 4318 2092 4409 modo
2144 4319 2429 4416 falsam,
