3182 5102
398 626 570 675 PARS
604 627 679 685 11,

389 762 674 798 v——r--ae

306 821 564 884 Angulum

308 888 654 950 contingentiae

309 954 630 1013 quantitatem

308 1032 431 1075 esse,
453 1019 537 1066 sed
557 1034 639 1066 an-

306 1081 423 1141 gulo
446 1084 676 1146 simplici·

309 1155 382 1193 ter
412 1147 539 1195 dicto
567 1149 679 1196 hete

304 1224 392 1272 rog
393 1227 703 1270 eeeeeeeeee

341 1277 349 1286 ‘
372 1277 550 1340 qu'cqu

306 1291 350 1322 ei
440 1293 454 1324 ι
552 1294 629 1326 am

304 1340 479 1390 addere
494 1351 578 1390 aut
597 1343 700 1391 adi-

304 1420 436 1454 mere
458 1422 618 1470 posse.

743 438 879 518 170
1310 457 1885 511 PHILOSOPHIA
1924 459 2212 512 PRIMA.

731 621 1006 719 angulo
1036 624 1691 722 quantulocunque
1725 626 2158 723 simpliciter
2185 626 2410 715 dicte,
2447 625 2806 700 rationem

737 735 832 808 ad
889 735 1131 831 ipsum
1188 738 1414 811 habet
1468 762 1632 811 eam
1684 763 1907 834 quam
1957 751 2317 835 punctum
2368 739 2466 812 ad
2513 739 2808 828 lineam,

726 850 870 922 hoc
899 861 1037 938 est,
1073 874 1317 946 neque
1349 851 1719 924 rationem
1750 875 1993 946 neque
2030 852 2525 946 quantitatem
2560 852 2809 925 ullam.

729 961 972 1035 Primo
1010 964 1230 1053 enim,
1267 965 1581 1061 angulus
1618 965 2148 1061 contingentiae
2187 966 2274 1036 fit
2294 965 2609 1037 flexione
2632 990 2810 1038 con-

727 1075 959 1159 tinua,
1016 1077 1122 1149 ita
1176 1090 1262 1151 ut
1313 1078 1391 1150 in
1451 1078 1934 1174 generatione
1987 1080 2145 1174 ejus
2199 1078 2445 1151 nullus
2503 1078 2806 1151 omnino

723 1188 856 1262 fiat
889 1202 1136 1263 motus
1167 1192 1573 1282 circularis,
1603 1192 1682 1265 in
1705 1217 1852 1288 quo
1885 1192 2228 1265 consistit
2254 1203 2529 1264 natura
2548 1189 2807 1281 anguli

725 1301 1205 1399 simpliciter;
1259 1304 1513 1400 itaque
1548 1330 1719 1378 cum
1773 1305 1901 1378 illo
1939 1305 2353 1400 comparari
2401 1304 2808 1377 secundum

724 1417 1218 1512 quantitatem
1266 1442 1417 1491 non
1463 1431 1736 1515 potest.
1845 1418 2213 1506 SecundO,
2267 1417 2443 1511 quia
2492 1417 2810 1513 angulus

723 1540 1073 1603 externus
1116 1531 1488 1603 subtensae
1521 1532 1906 1627 productae
1936 1543 2015 1604 et
2049 1530 2422 1603 subtensae
2448 1530 2810 1626 proximae

721 1643 1024 1738 aequalis
1062 1655 1176 1715 est
1208 1643 1481 1738 angulo
1520 1644 1759 1716 centri
1796 1668 2015 1740 super
2049 1643 2366 1716 eundem
2400 1667 2654 1716 arcum
2690 1644 2810 1737 (ut

722 1755 799 1827 in
853 1758 1093 1851 figura
1144 1755 1613 1851 praecedente
1666 1756 1981 1852 angulus
2028 1757 2092 1828 G
2123 1756 2182 1828 C
2216 1756 2282 1828 D
2334 1756 2639 1852 aequalis
2691 1768 2810 1829 est

721 1868 994 1966 angulo
1032 1869 1091 1940 C
1117 1869 1185 1940 A
1207 1869 1308 1963 D)
1343 1900 1363 1952 ;
1401 1869 1544 1942 erit
1577 1869 1892 1965 angulus
1929 1870 2462 1966 contingentiae
2498 1870 2810 1964 aequalis

721 1982 993 2078 angulo
1057 2006 1147 2054 ex
1208 1994 1466 2055 centro
1533 1984 1661 2077 qui
1724 1983 2152 2056 continetur
2205 1984 2403 2075 inter
2463 1984 2533 2055 A
2568 1984 2655 2073 Β,
2728 1996 2808 2057 et

720 2095 1031 2167 eandem
1079 2095 1147 2166 A
1183 2095 1291 2179 B;
1346 2095 1519 2190 quia
1579 2095 2084 2190 contingentis
2137 2120 2310 2192 pars
2366 2095 2571 2168 nulla
2631 2096 2808 2168 sub-

718 2209 1024 2281 tendere
1091 2232 1344 2280 arcum
1410 2220 1684 2303 potest,
1754 2208 1885 2281 sed
1950 2222 2038 2280 ut
2113 2208 2357 2304 ipsum
2439 2222 2804 2305 punctum

720 2332 1108 2395 contactus
1141 2346 1278 2418 pro
1310 2321 1686 2407 subtensa,
1735 2321 1842 2394 ita
1890 2320 2206 2416 angulus
2257 2321 2801 2416 contingentiae

716 2459 854 2531 pro
888 2435 1160 2532 angulo
1197 2448 1503 2509 externo
1538 2435 1923 2508 habendus
1946 2435 2067 2523 sit,
2097 2446 2175 2506 et
2193 2434 2494 2530 aequalis
2523 2435 2800 2531 angulo

720 2549 929 2644 cujus
964 2573 1179 2622 arcus
1214 2548 1313 2622 sit
1346 2548 1537 2621 idem
1575 2560 1938 2646 punctum
1979 2547 2065 2620 B.

819 2661 1190 2736 Quoniam
1245 2673 1493 2733 autem
1529 2661 1843 2757 angulus
1879 2662 1958 2734 in
1991 2685 2266 2758 genere
2302 2660 2674 2750 definitur,
2711 2674 2797 2735 ut

718 2775 816 2847 sit
869 2774 1153 2870 apertio
1210 2774 1361 2847 sive
1425 2773 1887 2870 divergentia
1941 2773 2254 2846 duarum
2293 2773 2655 2845 linearum
2716 2773 2795 2845 in

717 2911 867 2960 uno
899 2899 1180 2983 puncto
1219 2886 1863 2970 concurrentium;
1918 2899 2033 2958 est
2052 2897 2302 2958 autem
2332 2909 2480 2957 una
2507 2886 2792 2981 apertio

714 3002 953 3096 major
1002 3024 1225 3096 quam
1257 3001 1424 3090 alia,
1472 3000 1697 3072 etiam
1749 3023 1884 3095 per
1934 2999 2488 3095 generationem
2539 3000 2792 3095 anguli

714 3114 1286 3209 contingentiae;
1344 3112 1600 3209 negari
1636 3137 1788 3185 non
1822 3124 2073 3209 potest
2099 3112 2279 3208 quin
2320 3112 2633 3208 angulus
2669 3112 2793 3186 ille

712 3227 1090 3322 quantitas
1127 3227 1268 3311 sit;
1320 3227 1743 3322 ubicunque
1773 3226 1969 3299 enim
1999 3237 2114 3298 est
2139 3227 2377 3321 majus
2412 3237 2490 3298 et
2523 3226 2789 3316 minu8,

709 3338 813 3411 ibi
881 3364 1178 3435 quoque
1248 3352 1362 3413 est
1430 3339 1832 3436 quantitas,
1973 3338 2121 3411 Sed
2189 3339 2567 3435 quantitas
2629 3340 2788 3413 haec

710 3452 1054 3526 consistit
1087 3454 1164 3525 in
1193 3455 1473 3549 majore
1511 3466 1587 3526 et
1621 3453 1907 3525 minore
1935 3453 2310 3526 flectione.
2413 3453 2608 3526 Nam
2637 3477 2785 3547 quo

706 3567 944 3661 major
973 3577 1088 3639 est
1122 3567 1377 3640 circuli
1434 3567 2054 3655 circumferentia,
2084 3591 2172 3640 eo
2226 3566 2461 3662 magis
2497 3566 2788 3639 accedit

707 3679 803 3751 ad
837 3691 1179 3753 naturam
1238 3680 1451 3753 lineae
1499 3692 1769 3763 rectae3
1825 3679 2184 3775 siquidem
2238 3691 2402 3753 tota
2452 3680 2783 3752 curvatio

714 3791 912 3888 (quae
945 3793 1033 3865 fit
1073 3794 1249 3866 dum
1284 3817 1326 3866 e
1358 3804 1568 3866 recta
1613 3794 1702 3865 fit
1754 3793 2012 3866 circuli
2057 3792 2505 3889 peripheria)
2547 3794 2784 3888 major

705 3916 820 3977 est
848 3905 1217 4002 applicata
1251 3906 1346 3979 ad
1379 3907 1742 3979 minorem
1776 3918 2081 3979 rectam.
2135 3906 2462 4001 Ideoque
2485 3906 2780 4001 quando

703 4017 950 4114 plures
1005 4020 1262 4092 circuli
1321 4020 1769 4115 contingunt
1827 4020 2139 4092 eandem
2190 4030 2494 4108 rectam,
2545 4020 2784 4114 major

706 4143 821 4204 est
866 4133 1180 4229 angulus
1215 4132 1745 4229 contingentiae
1783 4133 1910 4227 qui
1949 4134 2037 4206 fit
2094 4155 2262 4205 cum
2317 4132 2604 4206 minore
2639 4132 2780 4205 cir-

704 4244 895 4333 cu10,
933 4269 1155 4340 quam
1189 4245 1317 4342 qui
1350 4247 1437 4318 fit
1473 4270 1642 4318 cum
1676 4247 1977 4341 majore.
2221 4233 2228 4240 ’

804 4357 1010 4431 Nihil
1056 4381 1234 4454 ergo
1289 4358 1573 4431 addunt
1626 4382 1869 4453 neque
1909 4359 2247 4431 adimunt
2294 4358 2566 4453 angulo
2604 4358 2776 4430 sim-

701 4471 992 4567 pliciter
1021 4471 1222 4545 dicto
1259 4472 1491 4545 additi
1513 4472 1632 4544 vel
1666 4472 1992 4568 adempti
2016 4483 2493 4567 quotcunque
2522 4472 2775 4568 anguli
