3182 5102
1270 492 1375 543 nn
1413 492 1671 543 Moru.
2355 479 2497 544 205

425 653 502 725 in
555 653 851 748 punctis
912 654 998 743 E,
1082 653 1138 726 F
1192 669 1267 729 et
1328 657 1424 746 N,
1495 658 1553 729 L
1613 658 1689 729 in
1748 656 2040 729 easdem
2103 656 2492 751 rationes).

428 765 677 839 Quare
712 767 1077 863 producta
1129 771 1184 840 Α
1224 770 1285 841 L
1333 770 1428 843 ad
1480 794 1869 843 occursum
1903 771 1982 841 M
2008 771 2075 842 K
2112 770 2495 866 productae

422 880 706 955 incidet
739 883 815 954 in
846 907 1005 956 eam
1052 884 1148 957 ad
1199 895 1555 980 punctum
1597 883 1678 972 F,
1733 895 1810 956 et
1854 884 2086 956 divisa
2120 885 2180 955 A
2218 884 2277 956 B
2310 883 2494 956 bifa-

428 995 612 1067 riam
659 996 736 1068 in
772 997 862 1085 Ο,
916 998 1059 1069 erit
1104 1009 1189 1070 ut
1244 999 1371 1071 IK
1426 998 1521 1071 ad
1573 998 1729 1086 IN,
1782 998 1889 1070 ita
1948 999 2097 1070 AB
2153 998 2249 1071 ad
2310 998 2493 1069 AO.

431 1107 800 1181 Quoniam
853 1134 1029 1206 ergo
1088 1111 1206 1182 IL
1264 1111 1506 1183 media
1540 1122 1654 1183 est
1689 1111 1885 1183 inter
1938 1112 2091 1200 IK,
2147 1111 2301 1200 IN,
2357 1110 2499 1184 erit

428 1244 726 1318 quoque
763 1223 821 1294 A
859 1224 892 1295 1
930 1223 1173 1296 media
1206 1224 1402 1295 inter
1438 1226 1501 1294 A
1534 1224 1595 1296 B
1632 1235 1709 1295 et
1741 1224 1882 1295 Ao
1912 1226 2068 1321 ejus
2098 1224 2496 1297 semissem.

430 1336 562 1409 Est
597 1348 843 1409 autem
874 1337 934 1408 A
965 1337 1024 1409 B
1075 1338 1319 1410 media
1371 1337 1565 1409 inter
1601 1339 1664 1408 A
1693 1338 1764 1409 H
1821 1350 1897 1410 et
1931 1339 2088 1434 ejus
2125 1337 2499 1410 semissem

430 1448 497 1520 A
523 1450 580 1522 1.
673 1451 921 1524 Quare
943 1463 1029 1523 ut
1050 1451 1116 1522 A
1142 1451 1212 1522 H
1245 1450 1340 1522 ad
1368 1451 1435 1523 A
1460 1450 1520 1522 B
1547 1450 1866 1522 mediam
1901 1450 2096 1522 inter
2130 1450 2197 1522 A
2222 1451 2321 1539 H,
2352 1451 2420 1522 A
2441 1452 2499 1539 Ι,

428 1560 536 1634 ita
596 1575 710 1635 est
770 1564 837 1636 A
874 1564 934 1636 B
1003 1564 1098 1638 ad
1146 1565 1273 1637 AI
1327 1564 1642 1637 mediam
1691 1564 1885 1636 inter
1943 1564 2118 1652 AB,
2173 1563 2372 1646 AO;
2426 1575 2502 1636 et

429 1676 737 1771 proinde
773 1677 880 1750 ita
915 1701 1256 1751 excessus
1303 1678 1368 1749 A
1394 1677 1465 1748 H
1505 1701 1727 1773 supra
1760 1678 1827 1750 A
1857 1677 1916 1749 B
1957 1677 2118 1772 (qui
2153 1688 2266 1749 est
2303 1677 2363 1749 B
2388 1678 2495 1770 H)

430 1788 526 1861 ad
580 1789 695 1862 BI
750 1814 1130 1864 excessum
1167 1790 1318 1863 AB
1371 1815 1593 1886 supra
1644 1791 1816 1873 AI;
1873 1791 2071 1885 quod
2118 1803 2302 1878 erat,
2357 1802 2499 1862 etc.

434 1902 668 1975 Simili
730 1904 1360 1977 demonstratione
1426 1904 1725 2000 probari
1782 1915 2033 1999 potest
2096 1904 2290 1976 idem
2360 1904 2503 1976 hoc

432 2014 811 2089 theorema
864 2018 940 2089 in
998 2041 1434 2113 quacunque
1491 2017 1636 2089 alia
1695 2016 2317 2090 accelerationum
2384 2041 2501 2091 ra-

429 2128 659 2218 tione,
682 2131 1010 2203 numeris
1049 2131 1347 2227 quidem
1382 2129 1821 2226 explicabili.

540 2250 651 2315 18.
706 2242 792 2314 In
844 2243 1173 2339 quolibet
1222 2242 1908 2338 parallelogrammo
1962 2243 2023 2315 si
2076 2243 2221 2317 duo
2269 2244 2504 2318 latera

424 2355 783 2450 angulum
840 2356 1299 2429 continentia
1360 2355 1620 2429 eodem
1671 2367 2005 2451 tempore
2065 2371 2504 2430 moveantur

432 2467 529 2540 ad
561 2467 796 2541 latera
831 2469 970 2542 sibi
1006 2469 1369 2567 opposita,
1424 2469 1739 2541 alterum
1770 2468 2067 2565 quidem
2096 2483 2306 2543 motu
2339 2472 2501 2543 uni-

432 2580 672 2671 formi,
702 2582 1015 2656 alterum
1038 2595 1285 2656 autem
1313 2595 1523 2654 motu
1552 2582 2017 2656 uniformiter
2046 2585 2456 2658 accelerato
2478 2617 2501 2668 >;

432 2695 623 2769 latus
661 2697 862 2793 quod
893 2709 1233 2770 movetur
1270 2710 1478 2768 motu
1530 2696 1905 2786 uniformi,
1956 2722 2320 2771 concursu
2371 2723 2503 2771 suo

432 2833 564 2904 per
622 2820 858 2882 totam
913 2809 1451 2906 longitudinem
1504 2832 1711 2882 suam
1770 2811 2230 2884 tantumdem
2259 2813 2504 2901 efficit,

436 2935 790 3018 quantum
828 2924 1171 3012 efficeret,
1208 2923 1271 2996 si
1306 2923 1495 2995 alter
1529 2923 1754 2996 etiam
1810 2938 2053 2998 motus
2110 2939 2305 2998 esset
2339 2926 2503 2997 uni-

435 3033 712 3124 formiS,
749 3036 1135 3133 longitudo
1192 3061 1389 3125 ver0,
1439 3037 1701 3110 eodem
1757 3051 2088 3135 tempore
2130 3063 2500 3135 percursa,

436 3148 677 3222 media
708 3151 1280 3247 proportionalis
1315 3151 1511 3224 inter
1546 3163 1781 3224 totam
1820 3164 1896 3225 et
1931 3152 2331 3226 dimidiam.

537 3261 651 3334 Sit
710 3263 818 3356 (in
887 3266 1011 3360 fig.
1086 3267 1205 3359 ll)
1280 3265 2041 3361 parallelogrammum
2109 3267 2176 3339 A
2204 3267 2265 3339 B
2293 3267 2360 3338 D
2390 3268 2501 3350 C;

434 3373 895 3472 intelligatur
945 3388 1195 3450 autem
1243 3377 1437 3450 latus
1504 3380 1571 3450 A
1598 3378 1658 3450 B
1722 3380 2002 3452 moveri
2070 3392 2280 3453 motu
2345 3382 2505 3453 uni-

434 3485 676 3577 formi,
740 3489 976 3563 donec
1013 3493 1259 3587 jaceat
1312 3491 1387 3563 in
1426 3491 1617 3573 CD;
1670 3491 1911 3587 sitque
1966 3503 2255 3588 tempus
2310 3493 2503 3567 illius

435 3612 680 3674 motus
707 3603 774 3674 A
801 3602 860 3675 C
896 3604 1048 3677 sive
1076 3604 1137 3676 B
1161 3604 1250 3676 D.
1353 3605 1636 3677 Eodem
1671 3605 1893 3677 etiam
1929 3617 2258 3702 tempore
2292 3607 2506 3679 intel-

434 3712 709 3809 ligatur
761 3716 1041 3788 moveri
1092 3718 1159 3790 A
1182 3717 1241 3789 C
1300 3730 1508 3790 motu
1566 3717 2034 3791 uniformiter
2066 3719 2504 3810 accelerato,

437 3826 672 3899 donec
700 3828 944 3923 jaceat
979 3829 1055 3902 in
1096 3829 1154 3901 B
1178 3830 1268 3902 D.
1375 3830 1659 3902 Deinde
1695 3830 1929 3903 divisa
1976 3832 2124 3904 AB
2165 3833 2505 3907 bifariam

431 3939 510 4010 in
559 3940 643 4024 E,
713 3953 1047 4014 sumatur
1100 3943 1297 4016 inter
1356 3944 1424 4016 A
1452 3945 1512 4017 B
1562 3956 1640 4016 et
1693 3945 1758 4016 A
1787 3945 1847 4016 E
1902 3945 2144 4018 media
2200 3972 2507 4044 propor-

434 4051 732 4125 tionalis
777 4054 845 4125 A
869 4054 949 4142 F,
975 4066 1052 4127 et
1086 4054 1310 4128 ducta
1347 4056 1402 4127 F
1426 4057 1489 4130 G
1522 4057 1873 4153 parallela
1906 4058 2045 4154 ipsi
2082 4060 2147 4131 A
2169 4059 2252 4149 C,
2289 4060 2506 4135 intel-

434 4163 707 4261 ligatur
743 4167 940 4240 idem
974 4169 1169 4242 latus
1205 4171 1272 4243 A
1294 4170 1376 4258 C,
1428 4183 1503 4243 et
1539 4171 1799 4244 eodem
1836 4183 2191 4267 tempore,
2228 4175 2505 4248 moveri

434 4290 644 4351 motu
690 4280 1039 4354 uniformi
1109 4282 1345 4356 donec
1392 4286 1641 4380 jaceat
1695 4285 1772 4357 in
1840 4284 2006 4358 FG.
2109 4285 2293 4359 Dico
2353 4288 2506 4360 AB

436 4402 676 4465 totam
745 4405 1033 4467 tantum
1101 4395 1439 4469 conferre
1507 4397 1600 4471 ad
1680 4398 2147 4472 velocitatem
2217 4401 2506 4474 mobilis

2537 669 2712 718 PARS
2750 669 2853 719 111.

2660 736 2732 782 16.

2523 874 2572 921 Si
2597 874 2771 922 mobile
2793 875 2916 923 fera-

2521 947 2599 987 tur
2619 956 2646 987 α
2666 941 2851 986 duobus

2523 1008 2685 1066 simul,
2709 1016 2805 1054 etc.
