<?xml version="1.0" encoding="UTF-8"?>
<!DOCTYPE html PUBLIC "-//W3C//DTD XHTML 1.0 Transitional//EN"
    "http://www.w3.org/TR/xhtml1/DTD/xhtml1-transitional.dtd">
<html xmlns="http://www.w3.org/1999/xhtml" xml:lang="en" lang="en">
 <head>
  <title>
</title>
<meta http-equiv="Content-Type" content="text/html;charset=utf-8" />
  <meta name='ocr-system' content='tesseract 3.04.00' />
  <meta name='ocr-capabilities' content='ocr_page ocr_carea ocr_par ocr_line ocrx_word'/>
</head>
<body>
  <div class='ocr_page' id='page_1' title='image "./thomhobbesmalme03molegoog_0294.png"; bbox 0 0 3182 5102; ppageno 0'>
   <div class='ocr_carea' id='block_1_1' title="bbox 357 650 638 702">
    <p class='ocr_par' dir='ltr' id='par_1_1' title="bbox 357 650 638 702">
     <span class='ocr_line' id='line_1_1' title="bbox 357 650 638 702; baseline 0.007 -2"><span class='ocrx_word' id='word_1_1' title='bbox 357 650 537 701; x_wconf 83' lang='lat' dir='ltr'>PARS</span> <span class='ocrx_word' id='word_1_2' title='bbox 564 652 638 702; x_wconf 91' lang='lat'>11.</span> 
     </span>
    </p>
   </div>
   <div class='ocr_carea' id='block_1_2' title="bbox 451 719 529 767">
    <p class='ocr_par' dir='ltr' id='par_1_2' title="bbox 451 719 529 767">
     <span class='ocr_line' id='line_1_2' title="bbox 451 719 529 767; baseline 0 -1"><span class='ocrx_word' id='word_1_3' title='bbox 451 719 529 767; x_wconf 77' lang='lat'>13.</span> 
     </span>
    </p>
   </div>
   <div class='ocr_carea' id='block_1_3' title="bbox 286 853 658 981">
    <p class='ocr_par' dir='ltr' id='par_1_3' title="bbox 286 853 658 981">
     <span class='ocr_line' id='line_1_3' title="bbox 288 853 556 930; baseline 0.004 -29"><span class='ocrx_word' id='word_1_4' title='bbox 288 853 556 930; x_wconf 65' lang='lat' dir='ltr'>Rationum</span> 
     </span>
     <span class='ocr_line' id='line_1_4' title="bbox 286 930 658 981; baseline 0.003 -14"><span class='ocrx_word' id='word_1_5' title='bbox 286 930 658 981; x_wconf 66' lang='lat' dir='ltr'>compositiones</span> 
     </span>
    </p>
   </div>
   <div class='ocr_carea' id='block_1_4' title="bbox 722 466 2209 533">
    <p class='ocr_par' dir='ltr' id='par_1_4' title="bbox 722 466 2209 533">
     <span class='ocr_line' id='line_1_5' title="bbox 722 466 2209 533; baseline 0 -2"><span class='ocrx_word' id='word_1_6' title='bbox 722 466 858 532; x_wconf 86' lang='lat'>142</span> <span class='ocrx_word' id='word_1_7' title='bbox 1316 480 1883 533; x_wconf 71' lang='lat' dir='ltr'>PnrnosoPmA</span> <span class='ocrx_word' id='word_1_8' title='bbox 1922 481 2209 533; x_wconf 76' lang='lat' dir='ltr'>PmMA.</span> 
     </span>
    </p>
   </div>
   <div class='ocr_carea' id='block_1_5' title="bbox 688 647 2813 4592">
    <p class='ocr_par' dir='ltr' id='par_1_5' title="bbox 707 647 2813 1303">
     <span class='ocr_line' id='line_1_6' title="bbox 710 647 2813 746; baseline 0.001 -26"><span class='ocrx_word' id='word_1_9' title='bbox 710 648 918 720; x_wconf 91' lang='lat' dir='ltr'>nium</span> <span class='ocrx_word' id='word_1_10' title='bbox 978 647 1632 734; x_wconf 85' lang='lat' dir='ltr'>intermediamm;</span> <span class='ocrx_word' id='word_1_11' title='bbox 1709 673 1882 724; x_wconf 89' lang='lat' dir='ltr'>nam</span> <span class='ocrx_word' id='word_1_12' title='bbox 1961 650 2025 722; x_wconf 88' lang='lat' dir='ltr'>si</span> <span class='ocrx_word' id='word_1_13' title='bbox 2102 648 2253 722; x_wconf 89' lang='lat' dir='ltr'>sint</span> <span class='ocrx_word' id='word_1_14' title='bbox 2316 659 2813 746; x_wconf 86' lang='lat' dir='ltr'>quotcunque·</span> 
     </span>
     <span class='ocr_line' id='line_1_7' title="bbox 710 761 2792 855; baseline 0.001 -21"><span class='ocrx_word' id='word_1_15' title='bbox 710 761 1077 834; x_wconf 90' lang='lat' dir='ltr'>rationem</span> <span class='ocrx_word' id='word_1_16' title='bbox 1127 761 1480 836; x_wconf 83' lang='lat' dir='ltr'><strong>habentia</strong></span> <span class='ocrx_word' id='word_1_17' title='bbox 1531 763 1623 852; x_wconf 91' lang='lat' dir='ltr'>A,</span> <span class='ocrx_word' id='word_1_18' title='bbox 1662 763 1747 853; x_wconf 94' lang='lat' dir='ltr'>B,</span> <span class='ocrx_word' id='word_1_19' title='bbox 1800 763 1881 851; x_wconf 93' lang='lat' dir='ltr'>C,</span> <span class='ocrx_word' id='word_1_20' title='bbox 1932 763 2023 855; x_wconf 91' lang='lat' dir='ltr'>D,</span> <span class='ocrx_word' id='word_1_21' title='bbox 2075 764 2160 851; x_wconf 90' lang='lat' dir='ltr'>E,</span> <span class='ocrx_word' id='word_1_22' title='bbox 2214 762 2406 834; x_wconf 91' lang='lat' dir='ltr'>ratio</span> <span class='ocrx_word' id='word_1_23' title='bbox 2460 762 2529 834; x_wconf 92' lang='lat' dir='ltr'>A</span> <span class='ocrx_word' id='word_1_24' title='bbox 2587 763 2682 836; x_wconf 93' lang='lat' dir='ltr'>ad</span> <span class='ocrx_word' id='word_1_25' title='bbox 2730 763 2792 835; x_wconf 81' lang='lat' dir='ltr'><strong>E</strong></span> 
     </span>
     <span class='ocr_line' id='line_1_8' title="bbox 711 874 2793 971; baseline 0.001 -24"><span class='ocrx_word' id='word_1_26' title='bbox 711 875 1180 971; x_wconf 83' lang='lat' dir='ltr'>componitur</span> <span class='ocrx_word' id='word_1_27' title='bbox 1231 899 1321 948; x_wconf 84' lang='lat' dir='ltr'>ex</span> <span class='ocrx_word' id='word_1_28' title='bbox 1372 876 1783 949; x_wconf 88' lang='lat' dir='ltr'>rationibus</span> <span class='ocrx_word' id='word_1_29' title='bbox 1826 877 1896 949; x_wconf 90' lang='lat' dir='ltr'><strong>A</strong></span> <span class='ocrx_word' id='word_1_30' title='bbox 1948 875 2045 949; x_wconf 90' lang='lat' dir='ltr'>ad</span> <span class='ocrx_word' id='word_1_31' title='bbox 2098 876 2165 948; x_wconf 94' lang='lat' dir='ltr'>D</span> <span class='ocrx_word' id='word_1_32' title='bbox 2212 886 2289 948; x_wconf 97' lang='lat' dir='ltr'>et</span> <span class='ocrx_word' id='word_1_33' title='bbox 2331 875 2398 947; x_wconf 94' lang='lat' dir='ltr'>D</span> <span class='ocrx_word' id='word_1_34' title='bbox 2444 874 2540 947; x_wconf 86' lang='lat' dir='ltr'>ad</span> <span class='ocrx_word' id='word_1_35' title='bbox 2585 877 2670 965; x_wconf 90' lang='lat' dir='ltr'>E,</span> <span class='ocrx_word' id='word_1_36' title='bbox 2716 889 2793 949; x_wconf 87' lang='lat' dir='ltr'>et</span> 
     </span>
     <span class='ocr_line' id='line_1_9' title="bbox 708 987 2792 1077; baseline 0 -16"><span class='ocrx_word' id='word_1_37' title='bbox 708 1012 962 1061; x_wconf 89' lang='lat' dir='ltr'>rursus</span> <span class='ocrx_word' id='word_1_38' title='bbox 1012 987 1202 1061; x_wconf 91' lang='lat' dir='ltr'>ratio</span> <span class='ocrx_word' id='word_1_39' title='bbox 1256 988 1325 1060; x_wconf 92' lang='lat' dir='ltr'>A</span> <span class='ocrx_word' id='word_1_40' title='bbox 1352 988 1449 1061; x_wconf 92' lang='lat' dir='ltr'>ad</span> <span class='ocrx_word' id='word_1_41' title='bbox 1475 988 1567 1077; x_wconf 92' lang='lat' dir='ltr'>D,</span> <span class='ocrx_word' id='word_1_42' title='bbox 1623 1013 1714 1062; x_wconf 85' lang='lat' dir='ltr'>ex</span> <span class='ocrx_word' id='word_1_43' title='bbox 1766 989 2180 1063; x_wconf 90' lang='lat' dir='ltr'>rationibus</span> <span class='ocrx_word' id='word_1_44' title='bbox 2214 989 2278 1060; x_wconf 95' lang='lat' dir='ltr'><strong>A</strong></span> <span class='ocrx_word' id='word_1_45' title='bbox 2332 988 2428 1061; x_wconf 87' lang='lat' dir='ltr'>ad</span> <span class='ocrx_word' id='word_1_46' title='bbox 2481 989 2564 1077; x_wconf 84' lang='lat' dir='ltr'>C,</span> <span class='ocrx_word' id='word_1_47' title='bbox 2616 1001 2692 1062; x_wconf 91' lang='lat' dir='ltr'>et</span> <span class='ocrx_word' id='word_1_48' title='bbox 2733 990 2792 1062; x_wconf 93' lang='lat' dir='ltr'>C</span> 
     </span>
     <span class='ocr_line' id='line_1_10' title="bbox 707 1100 2792 1197; baseline 0.001 -24"><span class='ocrx_word' id='word_1_49' title='bbox 707 1100 803 1173; x_wconf 93' lang='lat' dir='ltr'>ad</span> <span class='ocrx_word' id='word_1_50' title='bbox 838 1100 930 1190; x_wconf 91' lang='lat' dir='ltr'>D,</span> <span class='ocrx_word' id='word_1_51' title='bbox 968 1114 1044 1173; x_wconf 87' lang='lat' dir='ltr'>et</span> <span class='ocrx_word' id='word_1_52' title='bbox 1077 1100 1395 1197; x_wconf 90' lang='lat' dir='ltr'>denique</span> <span class='ocrx_word' id='word_1_53' title='bbox 1438 1100 1632 1174; x_wconf 91' lang='lat' dir='ltr'>ratio</span> <span class='ocrx_word' id='word_1_54' title='bbox 1668 1101 1737 1173; x_wconf 92' lang='lat' dir='ltr'>A</span> <span class='ocrx_word' id='word_1_55' title='bbox 1772 1102 1868 1175; x_wconf 92' lang='lat' dir='ltr'>ad</span> <span class='ocrx_word' id='word_1_56' title='bbox 1904 1101 1986 1190; x_wconf 90' lang='lat' dir='ltr'>C,</span> <span class='ocrx_word' id='word_1_57' title='bbox 2023 1125 2110 1174; x_wconf 84' lang='lat' dir='ltr'>ex</span> <span class='ocrx_word' id='word_1_58' title='bbox 2149 1101 2560 1175; x_wconf 89' lang='lat' dir='ltr'>rationibus</span> <span class='ocrx_word' id='word_1_59' title='bbox 2594 1103 2661 1175; x_wconf 93' lang='lat' dir='ltr'>A</span> <span class='ocrx_word' id='word_1_60' title='bbox 2695 1103 2792 1176; x_wconf 91' lang='lat' dir='ltr'>ad</span> 
     </span>
     <span class='ocr_line' id='line_1_11' title="bbox 710 1213 2214 1303; baseline 0 -17"><span class='ocrx_word' id='word_1_61' title='bbox 710 1213 795 1301; x_wconf 94' lang='lat' dir='ltr'>B,</span> <span class='ocrx_word' id='word_1_62' title='bbox 831 1225 909 1287; x_wconf 94' lang='lat' dir='ltr'>et</span> <span class='ocrx_word' id='word_1_63' title='bbox 937 1214 998 1287; x_wconf 99' lang='grc' dir='ltr'>Β</span> <span class='ocrx_word' id='word_1_64' title='bbox 1033 1214 1130 1287; x_wconf 89' lang='lat' dir='ltr'>ad</span> <span class='ocrx_word' id='word_1_65' title='bbox 1165 1214 1247 1303; x_wconf 90' lang='lat' dir='ltr'>C,</span> <span class='ocrx_word' id='word_1_66' title='bbox 1282 1228 1369 1286; x_wconf 87' lang='lat' dir='ltr'>ut</span> <span class='ocrx_word' id='word_1_67' title='bbox 1404 1213 1628 1286; x_wconf 93' lang='lat' dir='ltr'>modo</span> <span class='ocrx_word' id='word_1_68' title='bbox 1663 1226 2044 1288; x_wconf 89' lang='lat' dir='ltr'>ostensum</span> <span class='ocrx_word' id='word_1_69' title='bbox 2077 1226 2214 1287; x_wconf 89' lang='lat' dir='ltr'>est.</span> 
     </span>
    </p>

    <p class='ocr_par' dir='ltr' id='par_1_6' title="bbox 688 1325 2798 4481">
     <span class='ocr_line' id='line_1_12' title="bbox 808 1325 2789 1422; baseline 0 -22"><span class='ocrx_word' id='word_1_70' title='bbox 808 1327 1076 1400; x_wconf 89' lang='lat' dir='ltr'>Coroll.</span> <span class='ocrx_word' id='word_1_71' title='bbox 1115 1337 1186 1400; x_wconf 83' lang='lat'>2.</span> <span class='ocrx_word' id='word_1_72' title='bbox 1216 1325 1669 1422; x_wconf 88' lang='lat' dir='ltr'>Intelligitur</span> <span class='ocrx_word' id='word_1_73' title='bbox 1687 1327 1862 1400; x_wconf 86' lang='lat' dir='ltr'>hinc</span> <span class='ocrx_word' id='word_1_74' title='bbox 1886 1326 2254 1422; x_wconf 91' lang='lat' dir='ltr'>quomodo</span> <span class='ocrx_word' id='word_1_75' title='bbox 2280 1327 2444 1400; x_wconf 84' lang='lat' dir='ltr'>duae</span> <span class='ocrx_word' id='word_1_76' title='bbox 2464 1327 2789 1401; x_wconf 89' lang='lat' dir='ltr'>rationes</span> 
     </span>
     <span class='ocr_line' id='line_1_13' title="bbox 707 1440 2787 1537; baseline 0 -24"><span class='ocrx_word' id='word_1_77' title='bbox 707 1453 881 1514; x_wconf 89' lang='lat' dir='ltr'>sunt</span> <span class='ocrx_word' id='word_1_78' title='bbox 915 1440 1486 1537; x_wconf 83' lang='lat' dir='ltr'>componendae3</span> <span class='ocrx_word' id='word_1_79' title='bbox 1539 1464 1714 1514; x_wconf 90' lang='lat' dir='ltr'>nam</span> <span class='ocrx_word' id='word_1_80' title='bbox 1752 1440 1815 1514; x_wconf 91' lang='lat' dir='ltr'>si</span> <span class='ocrx_word' id='word_1_81' title='bbox 1849 1440 2121 1513; x_wconf 91' lang='lat' dir='ltr'>dentur</span> <span class='ocrx_word' id='word_1_82' title='bbox 2152 1441 2477 1514; x_wconf 89' lang='lat' dir='ltr'>rationes</span> <span class='ocrx_word' id='word_1_83' title='bbox 2506 1441 2574 1512; x_wconf 94' lang='lat' dir='ltr'>A</span> <span class='ocrx_word' id='word_1_84' title='bbox 2594 1440 2689 1513; x_wconf 93' lang='lat' dir='ltr'>ad</span> <span class='ocrx_word' id='word_1_85' title='bbox 2726 1441 2787 1513; x_wconf 92' lang='lat' dir='ltr'><strong>B</strong></span> 
     </span>
     <span class='ocr_line' id='line_1_14' title="bbox 706 1553 2791 1628; baseline 0 -3"><span class='ocrx_word' id='word_1_86' title='bbox 706 1565 783 1626; x_wconf 93' lang='lat' dir='ltr'>et</span> <span class='ocrx_word' id='word_1_87' title='bbox 817 1554 876 1627; x_wconf 88' lang='lat' dir='ltr'>C</span> <span class='ocrx_word' id='word_1_88' title='bbox 904 1554 995 1628; x_wconf 91' lang='lat' dir='ltr'>ad</span> <span class='ocrx_word' id='word_1_89' title='bbox 1032 1554 1099 1626; x_wconf 98' lang='lat' dir='ltr'>D</span> <span class='ocrx_word' id='word_1_90' title='bbox 1139 1554 1357 1627; x_wconf 82' lang='lat' dir='ltr'>simul</span> <span class='ocrx_word' id='word_1_91' title='bbox 1408 1554 1790 1628; x_wconf 87' lang='lat' dir='ltr'>addendae.</span> <span class='ocrx_word' id='word_1_92' title='bbox 1895 1553 1974 1625; x_wconf 83' lang='lat' dir='ltr'>Si</span> <span class='ocrx_word' id='word_1_93' title='bbox 2023 1554 2159 1626; x_wconf 89' lang='lat' dir='ltr'>fiat</span> <span class='ocrx_word' id='word_1_94' title='bbox 2207 1564 2294 1625; x_wconf 88' lang='lat' dir='ltr'>ut</span> <span class='ocrx_word' id='word_1_95' title='bbox 2347 1554 2406 1626; x_wconf 93' lang='lat' dir='ltr'>C</span> <span class='ocrx_word' id='word_1_96' title='bbox 2441 1553 2538 1626; x_wconf 92' lang='lat' dir='ltr'>ad</span> <span class='ocrx_word' id='word_1_97' title='bbox 2569 1554 2636 1626; x_wconf 98' lang='lat' dir='ltr'>D</span> <span class='ocrx_word' id='word_1_98' title='bbox 2683 1553 2791 1626; x_wconf 89' lang='lat' dir='ltr'>ita</span> 
     </span>
     <span class='ocr_line' id='line_1_15' title="bbox 707 1666 2785 1763; baseline 0 -24"><span class='ocrx_word' id='word_1_99' title='bbox 707 1666 768 1739; x_wconf 99' lang='grc' dir='ltr'>Β</span> <span class='ocrx_word' id='word_1_100' title='bbox 801 1667 900 1740; x_wconf 87' lang='lat' dir='ltr'>ad</span> <span class='ocrx_word' id='word_1_101' title='bbox 948 1666 1175 1755; x_wconf 91' lang='lat' dir='ltr'>aliud,</span> <span class='ocrx_word' id='word_1_102' title='bbox 1222 1678 1408 1763; x_wconf 89' lang='lat' dir='ltr'>puta</span> <span class='ocrx_word' id='word_1_103' title='bbox 1440 1669 1528 1752; x_wconf 90' lang='lat' dir='ltr'>E,</span> <span class='ocrx_word' id='word_1_104' title='bbox 1580 1678 2101 1763; x_wconf 84' lang='lat' dir='ltr'><strong>ponanturque</strong></span> <span class='ocrx_word' id='word_1_105' title='bbox 2154 1666 2414 1739; x_wconf 84' lang='lat' dir='ltr'>ordine</span> <span class='ocrx_word' id='word_1_106' title='bbox 2447 1666 2539 1754; x_wconf 93' lang='lat' dir='ltr'>A,</span> <span class='ocrx_word' id='word_1_107' title='bbox 2578 1667 2663 1756; x_wconf 92' lang='lat' dir='ltr'>B,</span> <span class='ocrx_word' id='word_1_108' title='bbox 2700 1668 2785 1755; x_wconf 92' lang='lat' dir='ltr'>E,</span> 
     </span>
     <span class='ocr_line' id='line_1_16' title="bbox 704 1778 2788 1853; baseline 0.001 -2"><span class='ocrx_word' id='word_1_109' title='bbox 704 1779 847 1852; x_wconf 91' lang='lat' dir='ltr'>erit</span> <span class='ocrx_word' id='word_1_110' title='bbox 880 1779 1071 1853; x_wconf 88' lang='lat' dir='ltr'>ratio</span> <span class='ocrx_word' id='word_1_111' title='bbox 1110 1782 1176 1852; x_wconf 87' lang='lat' dir='ltr'>A</span> <span class='ocrx_word' id='word_1_112' title='bbox 1213 1780 1309 1853; x_wconf 88' lang='lat' dir='ltr'>ad</span> <span class='ocrx_word' id='word_1_113' title='bbox 1342 1781 1403 1852; x_wconf 91' lang='lat' dir='ltr'><strong>E</strong></span> <span class='ocrx_word' id='word_1_114' title='bbox 1440 1804 1727 1853; x_wconf 91' lang='lat' dir='ltr'>summa</span> <span class='ocrx_word' id='word_1_115' title='bbox 1759 1778 2140 1852; x_wconf 88' lang='lat' dir='ltr'>ambarum</span> <span class='ocrx_word' id='word_1_116' title='bbox 2184 1780 2557 1852; x_wconf 89' lang='lat' dir='ltr'>rationum</span> <span class='ocrx_word' id='word_1_117' title='bbox 2590 1781 2654 1852; x_wconf 95' lang='lat' dir='ltr'>A</span> <span class='ocrx_word' id='word_1_118' title='bbox 2692 1780 2788 1853; x_wconf 91' lang='lat' dir='ltr'>ad</span> 
     </span>
     <span class='ocr_line' id='line_1_17' title="bbox 706 1891 2784 1982; baseline 0 -18"><span class='ocrx_word' id='word_1_119' title='bbox 706 1891 767 1964; x_wconf 99' lang='grc' dir='ltr'>Β</span> <span class='ocrx_word' id='word_1_120' title='bbox 804 1904 881 1965; x_wconf 93' lang='lat' dir='ltr'>et</span> <span class='ocrx_word' id='word_1_121' title='bbox 917 1892 978 1964; x_wconf 92' lang='lat' dir='ltr'><strong>B</strong></span> <span class='ocrx_word' id='word_1_122' title='bbox 1013 1892 1109 1965; x_wconf 92' lang='lat' dir='ltr'>ad</span> <span class='ocrx_word' id='word_1_123' title='bbox 1143 1893 1227 1981; x_wconf 88' lang='lat' dir='ltr'>E,</span> <span class='ocrx_word' id='word_1_124' title='bbox 1258 1892 1402 1965; x_wconf 89' lang='lat' dir='ltr'>hoc</span> <span class='ocrx_word' id='word_1_125' title='bbox 1438 1904 1552 1965; x_wconf 88' lang='lat' dir='ltr'>est</span> <span class='ocrx_word' id='word_1_126' title='bbox 1588 1892 1648 1964; x_wconf 93' lang='lat' dir='ltr'>C</span> <span class='ocrx_word' id='word_1_127' title='bbox 1675 1892 1771 1965; x_wconf 90' lang='lat' dir='ltr'>ad</span> <span class='ocrx_word' id='word_1_128' title='bbox 1804 1891 1897 1980; x_wconf 90' lang='lat' dir='ltr'>D,</span> <span class='ocrx_word' id='word_1_129' title='bbox 1936 1892 2051 1963; x_wconf 91' lang='lat' dir='ltr'>vel</span> <span class='ocrx_word' id='word_1_130' title='bbox 2087 1892 2149 1963; x_wconf 90' lang='lat' dir='ltr'>si</span> <span class='ocrx_word' id='word_1_131' title='bbox 2182 1894 2315 1965; x_wconf 90' lang='lat' dir='ltr'>fiat</span> <span class='ocrx_word' id='word_1_132' title='bbox 2349 1904 2435 1966; x_wconf 91' lang='lat' dir='ltr'>ut</span> <span class='ocrx_word' id='word_1_133' title='bbox 2469 1893 2536 1965; x_wconf 98' lang='lat' dir='ltr'>D</span> <span class='ocrx_word' id='word_1_134' title='bbox 2572 1892 2668 1965; x_wconf 92' lang='lat' dir='ltr'>ad</span> <span class='ocrx_word' id='word_1_135' title='bbox 2702 1892 2784 1982; x_wconf 85' lang='lat' dir='ltr'>C,</span> 
     </span>
     <span class='ocr_line' id='line_1_18' title="bbox 701 2002 2788 2100; baseline 0.001 -26"><span class='ocrx_word' id='word_1_136' title='bbox 701 2002 811 2075; x_wconf 90' lang='lat' dir='ltr'>ita</span> <span class='ocrx_word' id='word_1_137' title='bbox 836 2005 905 2076; x_wconf 94' lang='lat' dir='ltr'>A</span> <span class='ocrx_word' id='word_1_138' title='bbox 933 2004 1029 2078; x_wconf 90' lang='lat' dir='ltr'>ad</span> <span class='ocrx_word' id='word_1_139' title='bbox 1054 2004 1281 2094; x_wconf 93' lang='lat' dir='ltr'>aliud,</span> <span class='ocrx_word' id='word_1_140' title='bbox 1317 2006 1402 2092; x_wconf 92' lang='lat' dir='ltr'>E,</span> <span class='ocrx_word' id='word_1_141' title='bbox 1439 2015 1961 2100; x_wconf 83' lang='lat' dir='ltr'>ponanturque</span> <span class='ocrx_word' id='word_1_142' title='bbox 1987 2004 2246 2077; x_wconf 86' lang='lat' dir='ltr'>ordine</span> <span class='ocrx_word' id='word_1_143' title='bbox 2281 2005 2366 2094; x_wconf 90' lang='lat' dir='ltr'>E,</span> <span class='ocrx_word' id='word_1_144' title='bbox 2395 2006 2491 2091; x_wconf 88' lang='lat' dir='ltr'>A,</span> <span class='ocrx_word' id='word_1_145' title='bbox 2522 2006 2607 2094; x_wconf 92' lang='lat' dir='ltr'>B,</span> <span class='ocrx_word' id='word_1_146' title='bbox 2646 2006 2788 2077; x_wconf 91' lang='lat' dir='ltr'>erit</span> 
     </span>
     <span class='ocr_line' id='line_1_19' title="bbox 701 2116 2787 2212; baseline 0.001 -24"><span class='ocrx_word' id='word_1_147' title='bbox 701 2116 892 2189; x_wconf 90' lang='lat' dir='ltr'>ratio</span> <span class='ocrx_word' id='word_1_148' title='bbox 927 2118 988 2189; x_wconf 90' lang='lat' dir='ltr'><strong>E</strong></span> <span class='ocrx_word' id='word_1_149' title='bbox 1024 2117 1120 2190; x_wconf 88' lang='lat' dir='ltr'>ad</span> <span class='ocrx_word' id='word_1_150' title='bbox 1155 2118 1240 2206; x_wconf 91' lang='lat' dir='ltr'>B,</span> <span class='ocrx_word' id='word_1_151' title='bbox 1273 2116 1685 2212; x_wconf 86' lang='lat' dir='ltr'>composita</span> <span class='ocrx_word' id='word_1_152' title='bbox 1718 2140 1810 2189; x_wconf 83' lang='lat' dir='ltr'>ex</span> <span class='ocrx_word' id='word_1_153' title='bbox 1837 2117 2126 2190; x_wconf 88' lang='lat' dir='ltr'>ratione</span> <span class='ocrx_word' id='word_1_154' title='bbox 2151 2118 2212 2189; x_wconf 92' lang='lat' dir='ltr'><strong>E</strong></span> <span class='ocrx_word' id='word_1_155' title='bbox 2240 2118 2337 2193; x_wconf 91' lang='lat' dir='ltr'>ad</span> <span class='ocrx_word' id='word_1_156' title='bbox 2370 2125 2430 2188; x_wconf 94' lang='lat' dir='ltr'>A</span> <span class='ocrx_word' id='word_1_157' title='bbox 2465 2117 2638 2210; x_wconf 85' lang='lat' dir='ltr'>(hoc</span> <span class='ocrx_word' id='word_1_158' title='bbox 2672 2130 2787 2191; x_wconf 90' lang='lat' dir='ltr'>est</span> 
     </span>
     <span class='ocr_line' id='line_1_20' title="bbox 705 2229 2783 2325; baseline 0.001 -23"><span class='ocrx_word' id='word_1_159' title='bbox 705 2229 764 2302; x_wconf 82' lang='lat' dir='ltr'>C</span> <span class='ocrx_word' id='word_1_160' title='bbox 798 2229 895 2302; x_wconf 91' lang='lat' dir='ltr'>ad</span> <span class='ocrx_word' id='word_1_161' title='bbox 927 2229 1026 2315; x_wconf 90' lang='lat' dir='ltr'>D)</span> <span class='ocrx_word' id='word_1_162' title='bbox 1067 2240 1146 2302; x_wconf 92' lang='lat' dir='ltr'>et</span> <span class='ocrx_word' id='word_1_163' title='bbox 1179 2231 1243 2302; x_wconf 95' lang='lat' dir='ltr'>A</span> <span class='ocrx_word' id='word_1_164' title='bbox 1298 2230 1394 2303; x_wconf 90' lang='lat' dir='ltr'>ad</span> <span class='ocrx_word' id='word_1_165' title='bbox 1440 2231 1524 2303; x_wconf 91' lang='lat' dir='ltr'>B.</span> <span class='ocrx_word' id='word_1_166' title='bbox 1632 2229 2081 2325; x_wconf 86' lang='lat' dir='ltr'>Intelligitur</span> <span class='ocrx_word' id='word_1_167' title='bbox 2134 2230 2312 2303; x_wconf 88' lang='lat' dir='ltr'>item</span> <span class='ocrx_word' id='word_1_168' title='bbox 2365 2254 2509 2325; x_wconf 88' lang='lat' dir='ltr'>quo</span> <span class='ocrx_word' id='word_1_169' title='bbox 2563 2231 2783 2304; x_wconf 92' lang='lat' dir='ltr'>modo</span> 
     </span>
     <span class='ocr_line' id='line_1_21' title="bbox 702 2342 2786 2438; baseline 0.001 -24"><span class='ocrx_word' id='word_1_170' title='bbox 702 2342 893 2415; x_wconf 92' lang='lat' dir='ltr'>ratio</span> <span class='ocrx_word' id='word_1_171' title='bbox 936 2368 982 2415; x_wconf 89' lang='lat' dir='ltr'>a</span> <span class='ocrx_word' id='word_1_172' title='bbox 1016 2343 1305 2417; x_wconf 88' lang='lat' dir='ltr'>ratione</span> <span class='ocrx_word' id='word_1_173' title='bbox 1353 2342 1629 2417; x_wconf 85' lang='lat' dir='ltr'>auferri</span> <span class='ocrx_word' id='word_1_174' title='bbox 1663 2355 1913 2438; x_wconf 90' lang='lat' dir='ltr'>potest</span> <span class='ocrx_word' id='word_1_175' title='bbox 1942 2374 1961 2426; x_wconf 92' lang='lat'><strong>;</strong></span> <span class='ocrx_word' id='word_1_176' title='bbox 2016 2368 2185 2416; x_wconf 89' lang='lat' dir='ltr'>nam</span> <span class='ocrx_word' id='word_1_177' title='bbox 2223 2344 2285 2415; x_wconf 90' lang='lat' dir='ltr'>si</span> <span class='ocrx_word' id='word_1_178' title='bbox 2319 2368 2365 2416; x_wconf 90' lang='lat' dir='ltr'>a</span> <span class='ocrx_word' id='word_1_179' title='bbox 2397 2344 2683 2416; x_wconf 87' lang='lat' dir='ltr'>ratione</span> <span class='ocrx_word' id='word_1_180' title='bbox 2709 2345 2786 2423; x_wconf 90' lang='lat' dir='ltr'>A</span> 
     </span>
     <span class='ocr_line' id='line_1_22' title="bbox 702 2455 2786 2546; baseline 0.001 -18"><span class='ocrx_word' id='word_1_181' title='bbox 702 2455 798 2528; x_wconf 89' lang='lat' dir='ltr'>ad</span> <span class='ocrx_word' id='word_1_182' title='bbox 835 2457 920 2545; x_wconf 91' lang='lat' dir='ltr'>B,</span> <span class='ocrx_word' id='word_1_183' title='bbox 957 2457 1287 2530; x_wconf 89' lang='lat' dir='ltr'>tollenda</span> <span class='ocrx_word' id='word_1_184' title='bbox 1322 2458 1421 2530; x_wconf 89' lang='lat' dir='ltr'>sit</span> <span class='ocrx_word' id='word_1_185' title='bbox 1468 2457 1661 2531; x_wconf 90' lang='lat' dir='ltr'>ratio</span> <span class='ocrx_word' id='word_1_186' title='bbox 1699 2457 1758 2530; x_wconf 84' lang='lat' dir='ltr'>C</span> <span class='ocrx_word' id='word_1_187' title='bbox 1797 2456 1892 2529; x_wconf 92' lang='lat' dir='ltr'>ad</span> <span class='ocrx_word' id='word_1_188' title='bbox 1927 2457 2019 2546; x_wconf 91' lang='lat' dir='ltr'>D,</span> <span class='ocrx_word' id='word_1_189' title='bbox 2055 2458 2188 2530; x_wconf 90' lang='lat' dir='ltr'>fiat</span> <span class='ocrx_word' id='word_1_190' title='bbox 2230 2469 2317 2529; x_wconf 89' lang='lat' dir='ltr'>ut</span> <span class='ocrx_word' id='word_1_191' title='bbox 2351 2457 2410 2530; x_wconf 84' lang='lat' dir='ltr'>C</span> <span class='ocrx_word' id='word_1_192' title='bbox 2445 2457 2541 2529; x_wconf 91' lang='lat' dir='ltr'>ad</span> <span class='ocrx_word' id='word_1_193' title='bbox 2578 2458 2644 2530; x_wconf 97' lang='lat' dir='ltr'>D</span> <span class='ocrx_word' id='word_1_194' title='bbox 2678 2459 2786 2531; x_wconf 89' lang='lat' dir='ltr'>ita</span> 
     </span>
     <span class='ocr_line' id='line_1_23' title="bbox 704 2571 2783 2669; baseline 0.002 -28"><span class='ocrx_word' id='word_1_195' title='bbox 704 2572 766 2641; x_wconf 91' lang='lat' dir='ltr'>A</span> <span class='ocrx_word' id='word_1_196' title='bbox 792 2571 887 2644; x_wconf 89' lang='lat' dir='ltr'>ad</span> <span class='ocrx_word' id='word_1_197' title='bbox 918 2572 1142 2660; x_wconf 83' lang='lat' dir='ltr'>aliud,</span> <span class='ocrx_word' id='word_1_198' title='bbox 1172 2573 1258 2660; x_wconf 90' lang='lat' dir='ltr'>E,</span> <span class='ocrx_word' id='word_1_199' title='bbox 1292 2571 1556 2669; x_wconf 88' lang='lat' dir='ltr'>positis</span> <span class='ocrx_word' id='word_1_200' title='bbox 1577 2573 1733 2667; x_wconf 87' lang='lat' dir='ltr'>jam</span> <span class='ocrx_word' id='word_1_201' title='bbox 1760 2571 2019 2644; x_wconf 90' lang='lat' dir='ltr'>ordine</span> <span class='ocrx_word' id='word_1_202' title='bbox 2046 2572 2137 2660; x_wconf 84' lang='lat' dir='ltr'>A,</span> <span class='ocrx_word' id='word_1_203' title='bbox 2168 2573 2254 2661; x_wconf 91' lang='lat' dir='ltr'>E,</span> <span class='ocrx_word' id='word_1_204' title='bbox 2279 2573 2364 2661; x_wconf 91' lang='lat' dir='ltr'>B,</span> <span class='ocrx_word' id='word_1_205' title='bbox 2394 2572 2783 2668; x_wconf 86' lang='lat' dir='ltr'>ablataque</span> 
     </span>
     <span class='ocr_line' id='line_1_24' title="bbox 699 2684 2782 2775; baseline 0.001 -19"><span class='ocrx_word' id='word_1_206' title='bbox 699 2685 989 2758; x_wconf 89' lang='lat' dir='ltr'>ratione</span> <span class='ocrx_word' id='word_1_207' title='bbox 1027 2688 1086 2758; x_wconf 92' lang='lat' dir='ltr'>A</span> <span class='ocrx_word' id='word_1_208' title='bbox 1118 2686 1213 2760; x_wconf 92' lang='lat' dir='ltr'>ad</span> <span class='ocrx_word' id='word_1_209' title='bbox 1246 2687 1332 2775; x_wconf 92' lang='lat' dir='ltr'>E,</span> <span class='ocrx_word' id='word_1_210' title='bbox 1368 2686 1447 2759; x_wconf 92' lang='lat' dir='ltr'>id</span> <span class='ocrx_word' id='word_1_211' title='bbox 1492 2696 1607 2758; x_wconf 83' lang='lat' dir='ltr'>est</span> <span class='ocrx_word' id='word_1_212' title='bbox 1644 2684 1705 2758; x_wconf 90' lang='lat' dir='ltr'>C</span> <span class='ocrx_word' id='word_1_213' title='bbox 1738 2684 1834 2757; x_wconf 92' lang='lat' dir='ltr'>ad</span> <span class='ocrx_word' id='word_1_214' title='bbox 1869 2685 1961 2775; x_wconf 88' lang='lat' dir='ltr'>D,</span> <span class='ocrx_word' id='word_1_215' title='bbox 2005 2685 2300 2758; x_wconf 87' lang='lat' dir='ltr'>residua</span> <span class='ocrx_word' id='word_1_216' title='bbox 2340 2685 2532 2758; x_wconf 91' lang='lat' dir='ltr'>ratio</span> <span class='ocrx_word' id='word_1_217' title='bbox 2574 2698 2689 2758; x_wconf 89' lang='lat' dir='ltr'>est</span> <span class='ocrx_word' id='word_1_218' title='bbox 2721 2687 2782 2758; x_wconf 92' lang='lat' dir='ltr'><strong>E</strong></span> 
     </span>
     <span class='ocr_line' id='line_1_25' title="bbox 700 2798 2701 2873; baseline 0.001 -3"><span class='ocrx_word' id='word_1_219' title='bbox 700 2798 795 2871; x_wconf 91' lang='lat' dir='ltr'>ad</span> <span class='ocrx_word' id='word_1_220' title='bbox 826 2798 909 2871; x_wconf 91' lang='lat' dir='ltr'>B.</span> <span class='ocrx_word' id='word_1_221' title='bbox 2690 2856 2701 2873; x_wconf 75' lang='grc'>-,</span> 
     </span>
     <span class='ocr_line' id='line_1_26' title="bbox 800 2911 2784 2987; baseline -0.001 -3"><span class='ocrx_word' id='word_1_222' title='bbox 800 2911 1069 2985; x_wconf 89' lang='lat' dir='ltr'>Coroll.</span> <span class='ocrx_word' id='word_1_223' title='bbox 1123 2922 1193 2987; x_wconf 87' lang='lat'>3.</span> <span class='ocrx_word' id='word_1_224' title='bbox 1250 2911 1329 2985; x_wconf 85' lang='lat' dir='ltr'>Si</span> <span class='ocrx_word' id='word_1_225' title='bbox 1365 2913 1515 2985; x_wconf 88' lang='lat' dir='ltr'>sint</span> <span class='ocrx_word' id='word_1_226' title='bbox 1549 2912 1696 2984; x_wconf 88' lang='lat' dir='ltr'>duo</span> <span class='ocrx_word' id='word_1_227' title='bbox 1734 2911 2029 2984; x_wconf 87' lang='lat' dir='ltr'>ordines</span> <span class='ocrx_word' id='word_1_228' title='bbox 2080 2911 2509 2984; x_wconf 87' lang='lat' dir='ltr'>habentium</span> <span class='ocrx_word' id='word_1_229' title='bbox 2556 2911 2784 2985; x_wconf 90' lang='lat' dir='ltr'>ratio-</span> 
     </span>
     <span class='ocr_line' id='line_1_27' title="bbox 697 3024 2784 3123; baseline -0.001 -24"><span class='ocrx_word' id='word_1_230' title='bbox 697 3050 867 3099; x_wconf 92' lang='lat' dir='ltr'>nem</span> <span class='ocrx_word' id='word_1_231' title='bbox 888 3025 1233 3123; x_wconf 81' lang='lat' dir='ltr'>aliquam,</span> <span class='ocrx_word' id='word_1_232' title='bbox 1261 3026 1555 3122; x_wconf 86' lang='lat' dir='ltr'>sintque</span> <span class='ocrx_word' id='word_1_233' title='bbox 1577 3025 1885 3120; x_wconf 83' lang='lat' dir='ltr'>singulae</span> <span class='ocrx_word' id='word_1_234' title='bbox 1909 3025 2235 3098; x_wconf 89' lang='lat' dir='ltr'>rationes</span> <span class='ocrx_word' id='word_1_235' title='bbox 2256 3024 2475 3120; x_wconf 91' lang='lat' dir='ltr'>primi</span> <span class='ocrx_word' id='word_1_236' title='bbox 2503 3025 2784 3097; x_wconf 84' lang='lat' dir='ltr'>ordinis</span> 
     </span>
     <span class='ocr_line' id='line_1_28' title="bbox 698 3137 2782 3234; baseline -0.001 -22"><span class='ocrx_word' id='word_1_237' title='bbox 698 3139 977 3213; x_wconf 88' lang='lat' dir='ltr'>eaedem</span> <span class='ocrx_word' id='word_1_238' title='bbox 1011 3139 1472 3234; x_wconf 90' lang='lat' dir='ltr'>totidemque</span> <span class='ocrx_word' id='word_1_239' title='bbox 1502 3163 1672 3212; x_wconf 85' lang='lat' dir='ltr'>cum</span> <span class='ocrx_word' id='word_1_240' title='bbox 1701 3139 2112 3212; x_wconf 90' lang='lat' dir='ltr'>rationibus</span> <span class='ocrx_word' id='word_1_241' title='bbox 2140 3138 2446 3212; x_wconf 83' lang='lat' dir='ltr'>secundi</span> <span class='ocrx_word' id='word_1_242' title='bbox 2476 3137 2782 3223; x_wconf 85' lang='lat' dir='ltr'>ordinis,</span> 
     </span>
     <span class='ocr_line' id='line_1_29' title="bbox 696 3251 2782 3349; baseline -0 -24"><span class='ocrx_word' id='word_1_243' title='bbox 696 3252 851 3325; x_wconf 87' lang='lat' dir='ltr'>sive</span> <span class='ocrx_word' id='word_1_244' title='bbox 891 3253 1387 3349; x_wconf 88' lang='lat' dir='ltr'>respondeant</span> <span class='ocrx_word' id='word_1_245' title='bbox 1431 3252 1741 3346; x_wconf 74' lang='lat' dir='ltr'>singulae</span> <span class='ocrx_word' id='word_1_246' title='bbox 1789 3252 2121 3349; x_wconf 79' lang='lat' dir='ltr'>singuIiS,</span> <span class='ocrx_word' id='word_1_247' title='bbox 2164 3252 2243 3324; x_wconf 91' lang='lat' dir='ltr'>id</span> <span class='ocrx_word' id='word_1_248' title='bbox 2277 3251 2479 3348; x_wconf 92' lang='lat' dir='ltr'>quod</span> <span class='ocrx_word' id='word_1_249' title='bbox 2508 3263 2782 3324; x_wconf 85' lang='lat' dir='ltr'>vocant</span> 
     </span>
     <span class='ocr_line' id='line_1_30' title="bbox 694 3364 2798 3461; baseline -0.001 -23"><span class='ocrx_word' id='word_1_250' title='bbox 694 3365 1060 3439; x_wconf 89' lang='lat' dir='ltr'>rationem</span> <span class='ocrx_word' id='word_1_251' title='bbox 1129 3365 1579 3454; x_wconf 81' lang='lat' dir='ltr'>ordinatam,</span> <span class='ocrx_word' id='word_1_252' title='bbox 1654 3365 1805 3436; x_wconf 86' lang='lat' dir='ltr'>sive</span> <span class='ocrx_word' id='word_1_253' title='bbox 1866 3388 2019 3437; x_wconf 93' lang='lat' dir='ltr'>non</span> <span class='ocrx_word' id='word_1_254' title='bbox 2076 3364 2598 3461; x_wconf 88' lang='lat' dir='ltr'>respondeant,</span> <span class='ocrx_word' id='word_1_255' title='bbox 2653 3364 2798 3437; x_wconf 21' lang='lat' dir='ltr'>ubi*</span> 
     </span>
     <span class='ocr_line' id='line_1_31' title="bbox 696 3476 2780 3575; baseline -0.002 -22"><span class='ocrx_word' id='word_1_256' title='bbox 696 3480 978 3553; x_wconf 85' lang='lat' dir='ltr'>scilicet</span> <span class='ocrx_word' id='word_1_257' title='bbox 1011 3480 1203 3553; x_wconf 90' lang='lat' dir='ltr'>ratio</span> <span class='ocrx_word' id='word_1_258' title='bbox 1239 3479 1512 3552; x_wconf 83' lang='lat' dir='ltr'>dicitur</span> <span class='ocrx_word' id='word_1_259' title='bbox 1531 3477 2027 3575; x_wconf 78' lang='lat' dir='ltr'>perturbata,</span> <span class='ocrx_word' id='word_1_260' title='bbox 2064 3490 2285 3550; x_wconf 90' lang='lat' dir='ltr'>erunt</span> <span class='ocrx_word' id='word_1_261' title='bbox 2331 3478 2571 3573; x_wconf 90' lang='lat' dir='ltr'>prima</span> <span class='ocrx_word' id='word_1_262' title='bbox 2603 3476 2780 3549; x_wconf 89' lang='lat' dir='ltr'>ulti-</span> 
     </span>
     <span class='ocr_line' id='line_1_32' title="bbox 692 3591 2780 3690; baseline -0 -26"><span class='ocrx_word' id='word_1_263' title='bbox 692 3594 832 3665; x_wconf 90' lang='lat' dir='ltr'>mis</span> <span class='ocrx_word' id='word_1_264' title='bbox 864 3592 1467 3690; x_wconf 90' lang='lat' dir='ltr'>proportionalia.</span> <span class='ocrx_word' id='word_1_265' title='bbox 1526 3591 1722 3663; x_wconf 92' lang='lat' dir='ltr'>Nam</span> <span class='ocrx_word' id='word_1_266' title='bbox 1750 3592 2068 3687; x_wconf 89' lang='lat' dir='ltr'>primum</span> <span class='ocrx_word' id='word_1_267' title='bbox 2092 3603 2168 3664; x_wconf 91' lang='lat' dir='ltr'>et</span> <span class='ocrx_word' id='word_1_268' title='bbox 2187 3591 2529 3664; x_wconf 89' lang='lat' dir='ltr'>ultimum</span> <span class='ocrx_word' id='word_1_269' title='bbox 2549 3591 2780 3663; x_wconf 91' lang='lat' dir='ltr'>ratio-</span> 
     </span>
     <span class='ocr_line' id='line_1_33' title="bbox 692 3704 2776 3802; baseline -0.001 -23"><span class='ocrx_word' id='word_1_270' title='bbox 692 3730 864 3778; x_wconf 91' lang='lat' dir='ltr'>nem</span> <span class='ocrx_word' id='word_1_271' title='bbox 884 3706 1163 3779; x_wconf 88' lang='lat' dir='ltr'>habent</span> <span class='ocrx_word' id='word_1_272' title='bbox 1183 3706 1542 3802; x_wconf 88' lang='lat' dir='ltr'>aequalem</span> <span class='ocrx_word' id='word_1_273' title='bbox 1553 3705 1895 3778; x_wconf 89' lang='lat' dir='ltr'>omnibus</span> <span class='ocrx_word' id='word_1_274' title='bbox 1916 3705 2328 3780; x_wconf 89' lang='lat' dir='ltr'>rationibus</span> <span class='ocrx_word' id='word_1_275' title='bbox 2343 3704 2776 3800; x_wconf 77' lang='lat' dir='ltr'>interjectiS,</span> 
     </span>
     <span class='ocr_line' id='line_1_34' title="bbox 693 3817 2774 3916; baseline -0.001 -25"><span class='ocrx_word' id='word_1_276' title='bbox 693 3818 768 3891; x_wconf 90' lang='lat' dir='ltr'>in</span> <span class='ocrx_word' id='word_1_277' title='bbox 797 3831 1114 3916; x_wconf 90' lang='lat' dir='ltr'>utroque</span> <span class='ocrx_word' id='word_1_278' title='bbox 1135 3819 1435 3892; x_wconf 88' lang='lat' dir='ltr'>ordine:</span> <span class='ocrx_word' id='word_1_279' title='bbox 1475 3842 1640 3914; x_wconf 87' lang='lat' dir='ltr'>quae</span> <span class='ocrx_word' id='word_1_280' title='bbox 1663 3842 1831 3891; x_wconf 85' lang='lat' dir='ltr'>cum</span> <span class='ocrx_word' id='word_1_281' title='bbox 1860 3818 2011 3891; x_wconf 89' lang='lat' dir='ltr'>sint</span> <span class='ocrx_word' id='word_1_282' title='bbox 2038 3818 2313 3891; x_wconf 88' lang='lat' dir='ltr'>eaedem</span> <span class='ocrx_word' id='word_1_283' title='bbox 2340 3829 2417 3891; x_wconf 93' lang='lat' dir='ltr'>et</span> <span class='ocrx_word' id='word_1_284' title='bbox 2437 3817 2774 3905; x_wconf 89' lang='lat' dir='ltr'>totidem,</span> 
     </span>
     <span class='ocr_line' id='line_1_35' title="bbox 691 3930 2776 4027; baseline -0.001 -23"><span class='ocrx_word' id='word_1_285' title='bbox 691 3955 945 4004; x_wconf 92' lang='lat' dir='ltr'>earum</span> <span class='ocrx_word' id='word_1_286' title='bbox 955 3956 1257 4005; x_wconf 88' lang='lat' dir='ltr'>summae</span> <span class='ocrx_word' id='word_1_287' title='bbox 1279 3944 1453 4004; x_wconf 90' lang='lat' dir='ltr'>sunt</span> <span class='ocrx_word' id='word_1_288' title='bbox 1473 3931 1791 4027; x_wconf 87' lang='lat' dir='ltr'>aequales</span> <span class='ocrx_word' id='word_1_289' title='bbox 1817 3959 1833 4002; x_wconf 73' lang='grc' dir='ltr'>ε</span> <span class='ocrx_word' id='word_1_290' title='bbox 1864 3931 2166 4004; x_wconf 88' lang='lat' dir='ltr'>summis</span> <span class='ocrx_word' id='word_1_291' title='bbox 2188 3942 2437 4003; x_wconf 89' lang='lat' dir='ltr'>autem</span> <span class='ocrx_word' id='word_1_292' title='bbox 2458 3930 2776 4026; x_wconf 88' lang='lat' dir='ltr'>aequales</span> 
     </span>
     <span class='ocr_line' id='line_1_36' title="bbox 691 4043 2773 4141; baseline -0.001 -24"><span class='ocrx_word' id='word_1_293' title='bbox 691 4056 866 4118; x_wconf 89' lang='lat' dir='ltr'>sunt</span> <span class='ocrx_word' id='word_1_294' title='bbox 898 4045 1225 4118; x_wconf 89' lang='lat' dir='ltr'>rationes</span> <span class='ocrx_word' id='word_1_295' title='bbox 1258 4045 1667 4141; x_wconf 89' lang='lat' dir='ltr'>primorum</span> <span class='ocrx_word' id='word_1_296' title='bbox 1694 4044 1789 4117; x_wconf 90' lang='lat' dir='ltr'>ad</span> <span class='ocrx_word' id='word_1_297' title='bbox 1822 4044 2105 4117; x_wconf 89' lang='lat' dir='ltr'>ultima.</span> <span class='ocrx_word' id='word_1_298' title='bbox 2209 4043 2487 4116; x_wconf 90' lang='lat' dir='ltr'>Eadem</span> <span class='ocrx_word' id='word_1_299' title='bbox 2523 4044 2773 4139; x_wconf 87' lang='lat' dir='ltr'>itaque</span> 
     </span>
     <span class='ocr_line' id='line_1_37' title="bbox 690 4157 2775 4254; baseline -0.001 -25"><span class='ocrx_word' id='word_1_300' title='bbox 690 4157 880 4230; x_wconf 89' lang='lat' dir='ltr'>ratio</span> <span class='ocrx_word' id='word_1_301' title='bbox 916 4170 1029 4231; x_wconf 89' lang='lat' dir='ltr'>est</span> <span class='ocrx_word' id='word_1_302' title='bbox 1063 4157 1282 4254; x_wconf 91' lang='lat' dir='ltr'>primi</span> <span class='ocrx_word' id='word_1_303' title='bbox 1315 4158 1410 4230; x_wconf 91' lang='lat' dir='ltr'>ad</span> <span class='ocrx_word' id='word_1_304' title='bbox 1451 4159 1793 4232; x_wconf 88' lang='lat' dir='ltr'>ultimum</span> <span class='ocrx_word' id='word_1_305' title='bbox 1847 4158 1925 4231; x_wconf 93' lang='lat' dir='ltr'>in</span> <span class='ocrx_word' id='word_1_306' title='bbox 1965 4182 2116 4230; x_wconf 93' lang='lat' dir='ltr'>uno</span> <span class='ocrx_word' id='word_1_307' title='bbox 2165 4158 2425 4231; x_wconf 91' lang='lat' dir='ltr'>ordine</span> <span class='ocrx_word' id='word_1_308' title='bbox 2460 4181 2624 4253; x_wconf 87' lang='lat' dir='ltr'>quae</span> <span class='ocrx_word' id='word_1_309' title='bbox 2660 4168 2775 4228; x_wconf 88' lang='lat' dir='ltr'>est</span> 
     </span>
     <span class='ocr_line' id='line_1_38' title="bbox 689 4270 2772 4367; baseline -0 -25"><span class='ocrx_word' id='word_1_310' title='bbox 689 4270 879 4343; x_wconf 90' lang='lat' dir='ltr'>ratio</span> <span class='ocrx_word' id='word_1_311' title='bbox 914 4271 1132 4367; x_wconf 90' lang='lat' dir='ltr'>primi</span> <span class='ocrx_word' id='word_1_312' title='bbox 1160 4271 1254 4344; x_wconf 88' lang='lat' dir='ltr'>ad</span> <span class='ocrx_word' id='word_1_313' title='bbox 1288 4270 1628 4344; x_wconf 88' lang='lat' dir='ltr'>ultimum</span> <span class='ocrx_word' id='word_1_314' title='bbox 1664 4271 1739 4343; x_wconf 90' lang='lat' dir='ltr'>in</span> <span class='ocrx_word' id='word_1_315' title='bbox 1774 4271 2009 4343; x_wconf 88' lang='lat' dir='ltr'>altero</span> <span class='ocrx_word' id='word_1_316' title='bbox 2045 4270 2348 4355; x_wconf 83' lang='lat' dir='ltr'>ordine;</span> <span class='ocrx_word' id='word_1_317' title='bbox 2387 4282 2561 4343; x_wconf 88' lang='lat' dir='ltr'>sunt</span> <span class='ocrx_word' id='word_1_318' title='bbox 2594 4292 2772 4365; x_wconf 87' lang='lat' dir='ltr'>ergo</span> 
     </span>
     <span class='ocr_line' id='line_1_39' title="bbox 688 4384 1876 4481; baseline -0.002 -24"><span class='ocrx_word' id='word_1_319' title='bbox 688 4384 928 4481; x_wconf 88' lang='lat' dir='ltr'>prima</span> <span class='ocrx_word' id='word_1_320' title='bbox 958 4384 1236 4458; x_wconf 90' lang='lat' dir='ltr'>ultimis</span> <span class='ocrx_word' id='word_1_321' title='bbox 1270 4384 1876 4481; x_wconf 87' lang='lat' dir='ltr'>proportionalia.</span> 
     </span>
    </p>

    <p class='ocr_par' dir='ltr' id='par_1_7' title="bbox 799 4494 2783 4592">
     <span class='ocr_line' id='line_1_40' title="bbox 799 4494 2783 4592; baseline -0.002 -22"><span class='ocrx_word' id='word_1_322' title='bbox 799 4507 911 4570; x_wconf 84' lang='lat'>14.</span> <span class='ocrx_word' id='word_1_323' title='bbox 968 4498 1045 4570; x_wconf 91' lang='lat' dir='ltr'>Si</span> <span class='ocrx_word' id='word_1_324' title='bbox 1076 4497 1355 4570; x_wconf 84' lang='lat' dir='ltr'>fuerint</span> <span class='ocrx_word' id='word_1_325' title='bbox 1388 4497 1535 4570; x_wconf 91' lang='lat' dir='ltr'>duo</span> <span class='ocrx_word' id='word_1_326' title='bbox 1588 4497 1936 4592; x_wconf 88' lang='lat' dir='ltr'>quaelibet</span> <span class='ocrx_word' id='word_1_327' title='bbox 1971 4497 2171 4569; x_wconf 88' lang='lat' dir='ltr'>facta</span> <span class='ocrx_word' id='word_1_328' title='bbox 2205 4519 2296 4568; x_wconf 87' lang='lat' dir='ltr'>ex</span> <span class='ocrx_word' id='word_1_329' title='bbox 2330 4494 2783 4590; x_wconf 41' lang='lat' dir='ltr'>multiplic-af</span> 
     </span>
    </p>
   </div>
  </div>
 </body>
</html>
