3182 5102
773 440 911 506 364
1616 455 1994 508 PnrstcA.

399 625 574 743 ΡΑῙὲξ
610 626 698 675 IV·
770 620 1275 714 magnitudine
1308 620 1655 704 universi,
1689 621 1796 693 ita
1827 622 1904 694 in
1952 621 2278 696 exilitate
2309 622 2646 718 partium
2704 621 2865 716 ejus

404 726 684 796 ω--ἐ-ν
768 757 1024 806 sensus
1059 733 1417 806 humanos
1454 758 1664 830 aeque
1693 745 2013 830 superat.
2120 735 2498 829 Siquidem
2530 734 2616 807 in
2658 759 2868 806 com-

351 829 688 955 ssssgffiffifflg
766 846 1253 942 positionibus
1304 847 1666 921 elementa
1699 847 1959 943 prima,
2001 847 2077 919 in
2127 848 2540 921 actionibus
2587 848 2865 944 primae

348 960 708 1087 gssss'p'g'ssssmm
766 960 1294 1054 aggressioneS,
1332 960 1409 1031 in
1457 959 1914 1056 temporibus
1958 960 2198 1056 prima
2247 973 2658 1042 momenta,
2706 984 2864 1033 non

604 1060 619 1085 '
709 1059 725 1075 ’
765 1073 1009 1144 minus
1037 1073 1414 1147 credibilia
1446 1083 1622 1145 sunt
1647 1096 1865 1167 quam
1903 1097 1990 1144 ea
2014 1096 2178 1167 quae
2211 1097 2409 1146 nunc
2436 1073 2868 1146 creduntur

766 1184 858 1257 de
893 1185 1245 1260 distantia
1278 1188 1612 1259 fixarum.
1715 1187 2150 1283 Agnoscunt
2185 1189 2533 1261 mortales
2569 1212 2866 1284 magna

764 1321 922 1371 esse
959 1299 1320 1395 quaedam,
1371 1300 1510 1373 etsi
1560 1300 1796 1389 finita,
1833 1313 1918 1372 ut
1971 1324 2136 1395 quae
2168 1301 2425 1374 vident
2469 1301 2578 1373 ita
2638 1325 2861 1383 esse3

761 1427 1175 1508 agnoscunt
1211 1413 1386 1486 item
1411 1413 1777 1485 infinitam
1812 1436 1971 1485 esse
2006 1437 2222 1509 posse
2249 1414 2861 1510 magnitudinem

762 1549 1016 1597 eorum
1064 1550 1227 1621 quae
1281 1550 1431 1598 non
1481 1525 1779 1609 vident;
1840 1526 2164 1598 medium
2216 1551 2392 1600 vero
2441 1551 2600 1600 esse
2650 1529 2861 1601 inter

760 1639 1154 1727 infinitum,
1191 1650 1269 1711 et
1315 1661 1570 1710 eorum
1620 1662 1785 1733 quae
1818 1639 2075 1712 vident
2131 1640 2558 1735 cogitantve
2601 1641 2856 1714 maxi-

761 1775 985 1840 mum,
1034 1775 1184 1824 non
1233 1752 1480 1824 statim
1535 1777 1673 1825 nec
1725 1752 1866 1825 nisi
1913 1752 2143 1826 multa
2199 1753 2613 1826 eruditione
2671 1778 2854 1851 per-

760 1865 1184 1937 suadentur.
1291 1864 1439 1937 Sed
1485 1889 1654 1936 cum
1703 1877 1877 1962 post
1924 1865 2479 1938 meditationem
2524 1879 2600 1939 et
2656 1893 2849 1941 con-

759 1977 1313 2073 templationem
1399 1977 1633 2051 multa
1697 1978 2119 2073 hujusmodi
2197 1979 2403 2052 dictu
2469 1980 2851 2055 mirabilia

759 2090 1232 2163 familiariora
1297 2092 1511 2179 fiunt,
1573 2104 1752 2164 tunc
1821 2091 2202 2164 credentes
2270 2092 2842 2167 admirationem

760 2204 1267 2276 transferimus
1302 2205 1394 2276 ab
1430 2205 1773 2300 operibus
1807 2205 1902 2278 ad
1950 2206 2332 2301 Opificem.
2415 2206 2563 2279 Sed
2599 2231 2845 2303 quan-

758 2317 1205 2414 tulacunque
1239 2341 1551 2414 corpora
1581 2319 1830 2415 aliqua
1863 2343 2019 2391 esse
2051 2320 2363 2415 possint,
2401 2343 2536 2392 nos
2573 2345 2842 2393 eorum

758 2432 1243 2526 quantitatem
1325 2455 1475 2504 non
1558 2433 1919 2505 minorem
2003 2455 2522 2529 supponemUS‚
2610 2457 2841 2528 quam

755 2546 1243 2643 phaenomena
1275 2546 1434 2643 ipsa
1457 2545 1960 2643 postulabunt.
2051 2546 2401 2619 Similiter
2426 2558 2839 2620 statuemus

758 2660 850 2732 de
884 2683 1138 2731 eorum
1171 2672 1404 2749 motu,
1462 2659 1854 2732 velocitate
1889 2659 2190 2754 inquam
2227 2670 2302 2732 et
2338 2659 2718 2748 tarditate,
2758 2672 2838 2735 et

757 2773 849 2845 de
875 2774 1232 2846 varietate
1260 2775 1686 2869 figurarum,
1721 2773 2089 2862 nimirum,
2118 2784 2362 2846 tantas
2396 2797 2520 2846 eas
2555 2797 2835 2870 suppo-

757 2910 1013 2959 nemus
1049 2899 1361 2982 quantas
1398 2887 1645 2983 exiget
1678 2911 2062 2960 causarum
2103 2887 2548 2959 naturalium
2595 2889 2834 2983 expli-

755 3000 973 3073 catio.
1077 3001 1409 3096 Denique
1444 3001 1521 3073 in
1556 3001 1887 3097 partibus
1921 3000 2089 3097 puri
2121 3000 2435 3088 aetheriS,
2472 3012 2831 3096 tanquam

754 3114 830 3186 in
909 3114 1215 3187 materia
1296 3115 1553 3211 prima,
1623 3126 1901 3187 motum
1967 3127 2238 3211 praeter
2303 3114 2532 3202 illum,
2603 3139 2830 3211 quem

750 3227 972 3301 habet
1005 3229 1097 3300 ab
1134 3228 1639 3300 innatantibus
1676 3227 1814 3300 sibi
1850 3227 2279 3323 corporibus
2315 3251 2464 3299 non
2498 3227 2825 3322 liquidis,

751 3365 1081 3438 suppono
1119 3365 1277 3414 esse
1311 3341 1616 3413 nullum.

396 3449 474 3498 D‘
496 3466 641 3500 ΨΜ
850 3466 921 3529 2.
978 3457 1118 3528 His
1155 3455 1578 3552 suppositiS,
1616 3454 2049 3527 accedamus
2083 3454 2179 3526 ad
2230 3478 2619 3527 causarum
2664 3453 2824 3525 dic-

396 3514 519 3563 ιω.
540 3516 720 3564 'dm'
749 3569 986 3642 tiones
1016 3600 1034 3651 ;
1089 3582 1166 3641 et
1198 3568 1651 3664 inquiramus
1679 3568 1915 3664 primo
1950 3568 2114 3640 loco
2151 3591 2444 3640 causam
2479 3567 2663 3639 lucis
2700 3590 2821 3639 so-

748 3682 944 3754 laris,
1051 3681 1421 3756 Quoniam
1456 3706 1634 3778 ergo
1671 3705 1936 3777 corpus
1971 3681 2206 3753 solare
2245 3694 2452 3753 motu
2487 3680 2820 3776 simplice

748 3795 1086 3868 circulari
1157 3796 1757 3868 circumstantem
1840 3794 2234 3867 aetheream
2328 3794 2818 3866 substantiam

747 3908 967 3984 modo
1003 3908 1106 3980 ud
1136 3933 1383 3998 unam,
1423 3908 1642 3980 modo
1678 3907 1775 3980 ad
1806 3907 2024 3980 aliam
2052 3919 2337 4003 partem
2366 3931 2412 3979 a
2440 3931 2520 3979 se
2546 3907 2811 4002 rejicit,

744 4024 850 4097 ita
882 4034 988 4111 ut,
1020 4046 1184 4117 quae
1209 4034 1456 4118 partes
1481 4020 1835 4117 proximae
1868 4018 2005 4092 soli
2041 4031 2237 4105 sunt,
2263 4035 2486 4092 motae
2522 4020 2616 4092 ab
2650 4020 2810 4114 ipso

744 4135 918 4223 sole,
942 4135 1273 4230 proxime
1293 4133 1723 4206 remotiores
1744 4156 1995 4205 rursus
2016 4146 2351 4229 urgeant,
2373 4156 2676 4205 necesse
2698 4148 2815 4206 est

742 4261 828 4320 ut
879 4250 956 4320 in
1007 4271 1443 4343 quacunque
1504 4246 1858 4319 distantia
1913 4245 2136 4342 positi
2190 4245 2385 4318 oculi
2430 4261 2814 4340 prematur

743 4362 1042 4434 tandem
1068 4385 1239 4459 pars
1264 4360 1616 4447 anterior,
1642 4371 1720 4433 et
1743 4383 1832 4432 ea
1849 4374 2062 4457 parte
2081 4381 2333 4456 pressa
2357 4373 2814 4457 propagetur
