3182 5102
953 512 1059 563 DE
1098 511 1307 565 Loco
1348 512 1447 562 ΕΤ
1483 511 1894 564 TEMPORE.
2369 499 2461 565 83

395 676 596 760 neri;
650 676 728 749 id
763 677 962 773 quod
992 679 1153 750 fieri
1188 702 1336 751 non
1372 689 1648 773 posset,
1706 679 1767 750 si
1819 677 2136 773 spatium
2190 700 2455 772 corpus
2520 695 2692 778 PAR}
2723 695 2793 743 11.

396 779 596 886 quod
656 791 732 880 in
782 815 867 863 eo
926 792 1149 864 semel
1207 803 1320 864 est
1381 815 1669 887 semper
1724 792 2221 865 comitaretur.
2325 792 2459 864 Est
2533 779 2777 864 »ῥ’-κ

394 915 639 975 autem
663 904 845 976 adeo
872 905 1015 977 hoc
1036 905 1529 993 manifestum,
1554 918 1639 977 ut
1661 929 1752 977 ne
1776 905 2143 1001 explicatu
2172 904 2467 998 quidem
2510 898 2757 1025 ‘Sffiffigjfh

398 1017 701 1112 dignum
748 1017 1266 1106 existimarem,
1296 1018 1439 1091 nisi
1477 1017 1799 1090 viderem
1834 1018 2334 1114 philosophoS,
2374 1043 2463 1092 ex

395 1130 579 1203 falsa
605 1132 824 1227 spatii
849 1131 1300 1220 definitione,
1328 1131 1551 1204 alium
1574 1132 1871 1229 quidem
1895 1131 2165 1204 inferre
2192 1130 2466 1219 statim,

396 1245 751 1317 mundum
819 1268 976 1317 esse
1044 1245 1413 1317 infinitum
1452 1276 1469 1328 ;
1572 1245 1749 1317 dum
1838 1243 2034 1316 enim
2118 1243 2467 1341 spatium,

397 1357 722 1453 ipsorum
779 1381 1170 1453 corporum
1233 1358 1738 1430 extensionem
1795 1355 2119 1451 concipit
2182 1379 2469 1452 semper

399 1493 579 1558 esse,
669 1494 884 1566 posse
979 1470 1431 1558 ulteriorem,
1535 1494 1847 1565 corpora
1940 1470 2099 1564 ipsa
2182 1468 2469 1542 infinite

400 1584 696 1656 extendi
749 1585 910 1656 vult
943 1612 957 1654 ε
1019 1585 1246 1656 alium
1294 1596 1542 1656 autem
1576 1607 1830 1655 rursus
1869 1607 1958 1655 ex
1994 1583 2251 1655 eadem
2289 1582 2468 1653 defi-

400 1697 704 1786 nitione,
733 1698 979 1793 plures
1000 1722 1149 1771 uno
1175 1698 1449 1770 mundo
1482 1720 1731 1769 creare
1763 1696 1983 1768 etiam
2019 1696 2176 1768 Deo
2201 1695 2470 1791 impos-

401 1810 607 1882 sibile
663 1835 846 1899 esse,
904 1822 1180 1883 temere
1239 1811 1722 1893 concludere;
1774 1834 1946 1881 nam
1998 1809 2060 1881 si
2112 1807 2469 1881 creandus

401 1922 640 2018 inquit
674 1935 866 1996 esset
887 1924 1072 1996 alius
1093 1923 1436 2012 munduS,
1468 1947 1637 1995 cum
1661 1934 1870 1995 extra
1889 1922 2087 1995 hunc
2115 1922 2470 1994 mundum

402 2036 581 2109 nihil
636 2037 756 2125 sit,
813 2061 1052 2133 neque
1104 2062 1280 2133 ergo
1346 2038 1466 2129 (ex
1524 2040 1681 2132 ejus
1742 2036 2200 2130 definitione)
2241 2035 2471 2107 ullum

402 2150 741 2245 spatium,
810 2151 1195 2247 ponendus
1259 2164 1453 2223 esset
1515 2150 1833 2222 mundus
1897 2149 1972 2220 in
2034 2148 2312 2231 nihilo;
2393 2149 2469 2219 in

402 2262 629 2335 nihilo
695 2276 944 2336 autem
1012 2265 1219 2353 nihil,
1295 2264 1557 2359 inquit,
1627 2263 1805 2359 poni
1872 2274 2121 2358 potest
2153 2294 2171 2346 ;
2244 2284 2469 2358 quare

402 2386 648 2447 autem
683 2375 959 2471 aliquid
992 2378 1168 2472 poni
1205 2377 1284 2448 in
1319 2377 1547 2448 nihilo
1576 2400 1729 2448 non
1758 2376 2015 2472 possit,
2047 2399 2198 2447 non
2227 2375 2468 2448 docet.

405 2487 559 2562 Imo
598 2513 797 2578 vero,
852 2489 979 2562 ubi
1013 2489 1289 2586 aliquid
1334 2491 1489 2585 jam
1525 2500 1660 2578 est,
1706 2488 1891 2561 nihil
1948 2488 2259 2585 amplius
2292 2488 2470 2585 poni

403 2613 672 2697 potest,
730 2614 938 2675 tanto
974 2627 1288 2675 vacuum
1322 2603 1540 2699 pleno
1577 2603 1672 2674 ad
1706 2627 1899 2676 nova
1934 2626 2245 2698 corpora
2283 2602 2471 2674 reci-

403 2715 672 2811 pienda
737 2715 1364 2789 accommodatius
1435 2727 1571 2787 est.
1698 2716 1987 2787 Horum
2069 2714 2322 2810 igitur,
2393 2727 2470 2786 et

407 2851 658 2900 eorum
694 2828 820 2923 qui
865 2828 979 2900 his
1030 2829 1466 2919 assentiunt,
1522 2828 1766 2925 gratia
1820 2828 2020 2901 dicta
2078 2828 2238 2901 haec
2298 2829 2466 2900 sint.

408 2941 768 3013 Reversus
801 2941 1051 3036 itaque
1086 2942 1181 3014 ad
1215 2942 1661 3028 institutum,
1714 2941 1933 3037 spatii
1968 2941 2471 3013 definitionem

405 3053 594 3126 hanc
630 3078 787 3126 esse
824 3054 1014 3143 dico,
1050 3057 1377 3153 spatium
1430 3065 1545 3127 ext
1594 3055 2053 3153 phantasma
2104 3056 2221 3126 rei
2273 3055 2471 3126 exis-

408 3168 655 3255 tentis,
713 3177 1076 3263 qnatenus
1112 3168 1527 3258 existentis,
1585 3168 1665 3240 id
1697 3180 1831 3253 est,
1884 3168 2085 3240 nullo
2135 3167 2277 3241 alio
2315 3169 2470 3263 ejus

406 3280 512 3351 rei
534 3279 916 3352 accidente
939 3281 1405 3355 considerato
1427 3294 1921 3378 praeterquam
1947 3281 2146 3376 quod
2166 3293 2473 3377 apparet

409 3403 618 3465 extra
648 3393 1196 3489 imaginantem.

508 3514 576 3577 3.
632 3506 840 3578 Sicut
901 3530 1167 3602 corpus
1226 3531 1377 3580 suae
1437 3507 1965 3604 magnitudinis
2020 3508 2127 3581 ita
2182 3531 2472 3604 quoque
2499 3541 2726 3603 Tempus.

410 3642 674 3714 corpus
740 3631 1023 3692 motum
1090 3633 1335 3693 motus
1398 3621 1510 3693 sui
1575 3621 2015 3716 phantasma
2081 3621 2158 3692 in
2228 3621 2473 3694 animo

408 3731 779 3828 relinquit,
836 3732 1180 3805 nimirum
1227 3732 1468 3806 ideam
1503 3734 1854 3829 corporiS,
1910 3757 2108 3806 nunc
2142 3758 2274 3830 per
2308 3735 2473 3820 hoc,

410 3869 604 3918 nunc
629 3867 763 3941 per
788 3844 991 3917 aliud
1024 3847 1341 3941 spatium
1366 3846 1718 3920 continua
1752 3846 2212 3919 successione
2234 3858 2474 3921 trans-

410 3958 673 4031 euntis,
803 3960 937 4031 Est
971 3972 1220 4032 autem
1254 3959 1422 4032 talis
1455 3961 1632 4033 idea
1691 3960 1842 4032 sive
1893 3960 2359 4055 phantasma,
2396 3962 2476 4034 id

413 4071 609 4166 quod
640 4096 881 4167 neque
915 4097 960 4145 a
994 4073 1364 4146 communi
1398 4072 1779 4146 hominum
1815 4096 2172 4162 sermone,
2238 4098 2473 4169 neque

413 4185 720 4258 multum
750 4210 796 4258 a
823 4186 1250 4260 definitione
1289 4186 1671 4260 discedens
1708 4185 2154 4273 AristoteliS,
2185 4187 2473 4283 appello

417 4306 717 4395 tempu&
833 4298 1025 4371 Nam
1094 4323 1318 4395 quum
1388 4301 1883 4372 confiteantur
1949 4324 2246 4388 annum,
2316 4324 2475 4373 esse

415 4420 718 4509 tempus,
755 4425 832 4485 et
860 4424 1107 4485 tamen
1141 4438 1413 4486 annum
1442 4412 1748 4508 alicujus
1777 4413 2105 4508 corporis
2136 4413 2476 4487 accidens

417 4535 541 4595 aut
573 4525 941 4614 affectum,
979 4538 1110 4598 aut
1143 4526 1442 4599 modum
1477 4550 1637 4609 esse
1671 4550 1817 4598 non
1850 4537 2141 4621 putent,
2179 4549 2479 4598 necesse

2134 4648 2263 4711 <32
