3182 5102
644 443 751 493 DE
794 443 1031 508 Luca,
1077 441 1421 506 cALoRF„
1462 443 1562 493 m·
1602 443 2094 496 comnmus.
2274 427 2408 505 371

335 611 554 707 plane
591 609 1035 705 colliquata3
1091 609 1206 682 sin
1261 609 1528 699 minuS,
1588 611 1917 684 emollita
1950 624 2027 686 et
2077 612 2418 707 sequacia
2495 621 2668 671 PARS
2695 622 2781 670 IV·

339 734 417 795 et
451 722 754 795 ductilia
788 747 947 796 esse
984 723 1315 795 dicimus,
2496 689 2774 794 ss

444 837 748 927 RursuS,
772 837 832 909 si
854 837 1164 909 materia
1183 836 1418 932 ignita
1437 836 1708 909 habeat
1734 836 1957 927 intuS,
1978 838 2173 910 inter
2189 837 2418 934 parti-

344 950 544 1023 culas
579 950 821 1039 duraS,
855 950 1253 1047 particulas
1281 950 1458 1022 alias
1480 949 1797 1022 inclusas
1818 951 2172 1024 aethereas
2197 973 2417 1046 aque-

343 1087 539 1152 asve,
562 1065 692 1138 fiet
720 1076 801 1136 ut
833 1064 949 1135 his
975 1087 1108 1159 per
1130 1063 1783 1138 commutationem
1808 1063 2136 1136 locorum
2159 1087 2417 1136 evoca?

343 1177 464 1265 tis,
488 1177 628 1250 iuae
648 1176 746 1249 ad
770 1189 1193 1251 contactum
1219 1176 1623 1272 pleniorem
1646 1199 1802 1248 sese
1836 1175 2414 1263 accommodent,

344 1301 421 1361 et
438 1289 751 1385 proinde
783 1288 1107 1362 habeant
1141 1313 1218 1361 se
1253 1288 1348 1361 ad
1370 1287 1853 1362 divulsionem
1887 1289 2410 1379 contumaciuS,

344 1402 424 1475 id
455 1415 591 1491 est,
631 1413 873 1474 totum
898 1403 1033 1473 fiat
1058 1401 1334 1473 durius,
1440 1401 1628 1475 Quae
1681 1425 1903 1474 causa
1951 1425 2109 1475 esse
2141 1414 2412 1498 potest,

343 1540 476 1589 cur
510 1515 771 1589 eodem
805 1515 978 1611 igne
1012 1514 1157 1587 alia
1187 1514 1602 1610 liquefiunt,
1637 1515 1781 1587 alia
1812 1515 2311 1589 indurescunt.

442 1638 514 1701 9.
567 1630 976 1725 Expertum
1011 1639 1147 1715 est,
1185 1628 1246 1700 si
1281 1627 1561 1700 foenum
1594 1628 1972 1700 madidum
2007 1641 2412 1717 acervetur,
2441 1650 2598 1699 cmm
2623 1629 2768 1730 φωρ

340 1743 500 1817 fore
520 1754 605 1816 ut
635 1752 809 1839 post
837 1753 1128 1837 tempus
1157 1740 1483 1836 aliquod,
1503 1741 1744 1836 primo
1763 1741 2046 1815 fumum
2065 1754 2415 1838 tanquam
2438 1716 2829 1844 {ffiffffiifffflfio

344 1858 706 1946 αυτομᾶτως
760 1854 1076 1943 emittat,
1142 1866 1217 1926 et
1282 1853 1545 1926 deinde
1598 1853 2057 1928 incendatur.
2179 1857 2418 1929 Causa
2439 1857 2832 1965 {ggdssffiffigg

278 2021 285 2026 -
348 1971 556 2065 cujus
591 1968 698 2041 rei
731 1979 981 2063 potest
1014 1990 1172 2039 esse
1204 1967 1388 2039 haec.
1466 1966 1730 2038 Insunt
1763 1967 1841 2039 in
1866 1969 2209 2043 concluso
2245 1993 2414 2041 aere
2438 1975 2817 2038 cauwfulsuris·

212 2065 227 2076 ⁰
348 2081 784 2178 corpuscula
809 2081 936 2153 illa
970 2091 1198 2168 mota,
1254 2090 1340 2151 ut
1396 2080 1936 2175 supposuimus,
1991 2095 2198 2155 motu
2246 2082 2415 2155 sim·

345 2195 561 2291 plice,
620 2205 903 2267 motum
971 2215 1185 2265 suum
1249 2191 1603 2264 habentia
1662 2193 1994 2284 liberum,
2064 2195 2193 2267 sed
2250 2219 2412 2291 quae

349 2307 842 2381 descendente
891 2305 1200 2377 humore
1249 2328 1485 2400 aqueo
1544 2305 1899 2400 paulatim
1951 2308 2410 2399 cohibentur,

348 2420 807 2519 oppletisque
841 2442 1034 2513 aqua
1066 2416 1513 2506 interstitiiS,
1566 2440 1736 2513 pars
1770 2419 2061 2513 quidem
2096 2422 2416 2495 aetherea

344 2532 803 2632 penetrando
878 2556 1143 2628 aquam
1198 2530 1576 2628 egreditur
1605 2561 1625 2615 ;
1677 2543 1757 2605 at
1809 2535 2240 2630 corpuscula
2290 2535 2415 2608 illa

347 2672 498 2723 non
531 2647 762 2720 fluida
794 2645 1364 2734 contruduntur,
1417 2645 1526 2716 ita
1582 2658 1671 2718 ut
1722 2670 1880 2720 sese
1929 2663 2185 2723 mutuo
2237 2674 2411 2723 con-

350 2761 716 2858 tingentia
750 2771 1034 2832 motum
1068 2758 1456 2855 acquirant
1487 2759 2131 2854 vehementiorem,
2154 2762 2411 2853 donec,

349 2886 569 2948 aucto
603 2873 814 2947 valde
849 2885 1080 2961 motu,
1133 2854 1455 2968 pellitur⁴
1483 2870 1577 2943 ad
1637 2884 1942 2947 externa
1970 2876 2209 2971 primo
2243 2899 2413 2972 pars

345 3012 601 3083 aquea,
639 2986 834 3058 unde
868 2997 1177 3082 apparet
1209 3006 1481 3080 vapor3
1519 3008 1713 3074 most,
1750 2989 2180 3062 continuato
2206 3002 2414 3063 motu

345 3101 575 3197 ipsius
623 3099 804 3172 foeni
858 3099 1164 3173 arefacti
1219 3098 1516 3172 evolant
1552 3100 1932 3195 particulae
1976 3102 2121 3175 illae
2173 3104 2411 3175 minu-

343 3214 672 3301 tissimae,
709 3225 1149 3309 receptaque
1183 3211 1547 3309 vertigine
1580 3214 1897 3288 naturali
1929 3215 2176 3288 lucent
2220 3216 2408 3289 cale-

343 3327 792 3422 faciuntque,
828 3326 907 3399 id
939 3339 1073 3416 est,
1109 3328 1520 3422 ignescunt.

450 3438 729 3512 Eadem
756 3450 834 3512 et
864 3438 1237 3535 fulgurum
1271 3462 1491 3512 causa
1522 3463 1679 3512 esse
1709 3453 1978 3536 potest.
2040 3441 2410 3514 Accidunt

349 3551 548 3625 enim
582 3562 912 3647 tempore
947 3552 1121 3624 anni
1159 3550 1720 3641 ferventissimo,
1775 3575 1919 3647 quo
1969 3566 2300 3651 tempore
2333 3566 2412 3628 et

347 3665 745 3762 plurimum
780 3688 991 3760 aquae
1024 3676 1102 3737 et
1137 3663 1486 3736 altissime
1521 3665 1869 3738 elevatur.
1973 3668 2146 3740 Post
2178 3668 2408 3740 nubes

347 3778 619 3875 primas
656 3777 998 3865 elevatas,
1037 3777 1335 3849 elevatae
1369 3777 1530 3849 aliae
1563 3777 1869 3873 aliaeque
1903 3791 1980 3852 et
2006 3780 2407 3877 congelatae

345 3891 656 3965 veniunt
709 3889 1101 3977 interdum,
1168 3888 1329 3961 aliis
1381 3889 1992 3964 descendentibus
2043 3893 2201 3966 aliis
2251 3917 2409 3965 sur-

343 4004 713 4101 gentibue,
783 4003 876 4075 ad
931 4024 1402 4098 congressum
1463 4004 1706 4089 talem,
1777 4017 1862 4076 ut
1915 4005 1988 4077 in
2044 4006 2403 4102 aliquibus

343 4118 524 4191 locis
576 4127 839 4190 coeant
894 4116 970 4189 in
1028 4139 1280 4204 unum,
1339 4116 1416 4189 in
1470 4117 1632 4190 aliis
1691 4117 2108 4214 relinquant
2168 4121 2405 4216 spatia

346 4255 547 4321 cava,
584 4231 659 4302 in
696 4253 858 4326 quae
907 4230 1164 4325 spatia,
1204 4254 1293 4302 ex
1327 4255 1684 4304 concursu
1719 4232 2025 4305 nubium
2071 4235 2403 4329 partibus

348 4345 681 4418 aethereis
746 4344 1386 4440 transpirantibus,
1456 4347 1888 4441 corpuscula
1950 4371 2100 4420 non
2176 4349 2402 4422 fluida

1991 4475 2197 4536 1382
