3182 5102
699 438 806 490 DE
847 438 1264 492 SENSIONE
1304 442 1407 493 m·
1442 443 1677 497 Mo'ru
1715 445 2104 498 ANIMALI.
2315 435 2456 501 325

377 628 623 679 rerum
657 617 790 697 est,
850 607 981 681 sed
1039 609 1702 683 considerationum
1762 611 2163 685 sentientis,
2270 613 2464 687 Con-
2534 623 2710 673 PARS
2738 622 2826 670 IV·

376 719 598 816 tingit
632 720 826 793 enim
859 721 935 794 in
999 723 1349 795 memoria
1401 723 1634 795 simile
1691 725 1869 820 quid
1929 725 2021 815 ei,
2058 725 2256 820 quod
2287 750 2465 799 con·
2545 691 2830 795 ⁹33ss-ae

374 833 596 929 tingit
630 834 706 907 in
738 847 1131 932 prospectu
1164 836 1259 910 ad
1292 860 1408 910 res
1442 836 1902 934 longinquas.
2000 838 2193 912 Nam
2229 850 2313 912 ut
2344 839 2464 912 hic

376 971 765 1044 corporum
813 959 1057 1045 partes
1116 950 1542 1023 minutiores
1609 974 1762 1046 prae
1829 951 2057 1024 nimia
2122 951 2469 1026 distantia

375 1085 527 1133 non
562 1072 988 1153 cernuntur,
1018 1062 1124 1136 ita
1173 1063 1321 1136 illic
1372 1064 1605 1137 multa
1637 1063 2047 1137 accidentia
2091 1076 2166 1138 et
2198 1066 2361 1138 loca
2394 1078 2469 1139 et

375 1186 619 1272 partes
685 1199 956 1262 rerum,
1025 1176 1353 1250 sensibus
1420 1176 1596 1249 olim
1681 1189 2050 1273 percepta,
2107 1188 2467 1253 vetustate

374 1288 780 1361 abolentur.
884 1290 1110 1363 Ortus
1158 1300 1551 1386 perpetuus
1585 1301 1746 1364 tum
1787 1290 2269 1364 sentientibus
2306 1303 2467 1366 tum

377 1402 868 1499 cogitantibus
925 1404 1540 1499 phantasmatum,
1611 1402 1688 1476 id
1756 1404 1999 1500 ipsum
2066 1417 2199 1494 est,
2270 1406 2469 1501 quod

375 1516 722 1612 appellari
782 1517 965 1590 solet
1016 1516 1240 1589 animi
1301 1517 1720 1602 discursus;
1775 1528 1851 1590 et
1908 1519 2315 1590 communis
2358 1533 2469 1591 est

374 1629 791 1703 hominibus
826 1654 994 1703 cum
1045 1630 1325 1714 brutis;
1377 1654 1551 1703 nam
1601 1630 1687 1719 is,
1737 1631 1863 1727 qui
1897 1631 2196 1726 cogitat,
2231 1641 2467 1704 trans-

375 1743 626 1816 euntia
656 1744 1168 1840 phantasmata
1202 1753 1601 1839 comparat,
1637 1743 1717 1816 id
1746 1754 1879 1832 est,
1916 1743 2466 1818 similitudinem

374 1856 492 1929 vel
560 1855 1219 1929 dissimilitudinem
1304 1856 1495 1929 inter
1563 1879 1653 1929 ca
1733 1856 2270 1930 animadvertit.
2373 1858 2469 1931 Et

375 1969 883 2042 similitudines
951 1969 1246 2066 quidem
1313 1969 1505 2042 inter
1558 1992 1675 2042 res
1742 1962 2191 2043 diversarum
2259 1982 2470 2053 natu-‚-

375 2105 621 2154 rarum
647 2082 762 2156 vel
787 2083 1007 2180 longe
1031 2084 1224 2156 inter
1257 2107 1334 2156 se
1369 2082 1658 2156 dissitas
1692 2083 2024 2157 celeriter
2054 2085 2465 2174 observare,

375 2195 826 2281 Phantasiae3
883 2196 1504 2270 dissimilitudines
1537 2207 1786 2270 autem
1819 2196 2012 2270 inter
2046 2219 2162 2270 res
2197 2197 2467 2271 similes

372 2307 724 2399 invenire,
769 2311 813 2383 J
816 2310 1041 2383 udicii
1074 2310 1502 2406 plerumque
1535 2309 1694 2383 laus
1729 2311 2204 2384 existimatur.
2310 2312 2467 2385 Dif-

371 2420 848 2496 ferentiarum
868 2435 1114 2496 autem
1135 2424 1543 2496 observatio
1564 2448 1716 2496 non
1739 2435 1850 2497 est
1871 2449 1916 2497 a
1935 2424 2267 2497 sensione
2288 2450 2459 2522 pro-

372 2536 530 2632 prie
554 2536 752 2611 dicta
781 2539 1020 2611 sensio
1042 2537 1308 2633 aliqua,
1342 2561 1477 2635 per
1505 2538 1913 2612 sensorium
1939 2538 2239 2636 aliquod
2264 2563 2464 2612 com-

375 2673 622 2739 mune,
648 2651 1014 2738 distincta,
1037 2651 1167 2724 sed
1187 2652 1652 2725 manentibus
1677 2651 2200 2749 aliquantisper
2231 2653 2464 2749 phan-

373 2765 703 2837 tasmatis
771 2765 1355 2860 particularibuS,
1426 2765 2002 2838 differentiarum
2067 2766 2461 2850 memoria3

372 2887 457 2949 ut
512 2876 730 2949 calidi
788 2889 862 2950 et
915 2878 1139 2951 lucidi
1175 2878 1547 2951 distinctio
1593 2878 1777 2952 nihil
1811 2879 2014 2952 aliud
2059 2879 2155 2953 sit
2193 2890 2464 2977 praeter

372 2990 644 3086 objecti
680 2990 1174 3064 calefacientis
1210 3003 1286 3065 et
1318 2991 1799 3065 illuminantis
1833 2993 2289 3066 memoriam.

473 3110 545 3175 9.
599 3103 1115 3178 Phantasmata
1136 3104 1654 3179 dormientium
1674 3106 1957 3178 somnia
1976 3117 2168 3180 sunt.
2250 3107 2465 3180 Circa
2486 3123 2755 3182 Somnium,

375 3240 562 3312 quae,
630 3218 723 3290 ab
792 3219 1241 3315 experientia
1306 3217 1654 3290 docemur
1723 3219 2067 3315 quinque.
2192 3220 2459 3311 Primo,
2486 3188 2614 3237 ”¹²⁶⁸
2634 3189 2703 3237 ω’

374 3330 571 3425 quod
643 3342 813 3404 sunt
878 3332 1224 3428 pleraque
1293 3331 1709 3404 inordinata
1775 3343 1850 3404 et
1915 3332 2460 3406 incohaerentia.

374 3443 736 3534 Secundo,
774 3444 972 3540 quod
1031 3445 1213 3517 nihil
1259 3444 1703 3517 somniamus
1755 3445 1894 3517 nisi
1947 3469 2109 3541 quae
2145 3470 2190 3517 a
2228 3446 2464 3542 phan-

370 3558 699 3630 tasmatis
778 3559 1129 3632 sensionis
1204 3559 1595 3655 praeteritae
1667 3570 1838 3631 sunt
1915 3561 2319 3654 composita
2389 3571 2466 3633 et

370 3670 565 3743 ficta.
667 3671 941 3762 Tertio,
1003 3671 1202 3768 quod
1259 3683 1661 3745 nascuntur
1718 3671 2112 3767 aliquando
2163 3672 2460 3768 quidem

371 3806 464 3855 ex
507 3784 1096 3879 phantasmatum
1155 3787 1231 3859 in
1292 3785 1973 3859 dormiturientibus
2030 3786 2380 3881 paulatim
2416 3811 2462 3858 a

370 3898 854 3972 somnolentia
949 3911 1462 3995 corruptorum
1561 3898 2140 3994 interruptione3
2231 3923 2459 3994 quan-

370 4008 612 4105 doque
670 4035 843 4084 vero
901 4012 978 4084 in
1037 4012 1281 4085 medio
1350 4013 1686 4085 oriuntur
1752 4035 2030 4084 somno,
2148 4012 2457 4104 Quarto,

372 4123 570 4217 quod
587 4124 1046 4221 vigilantium
1073 4125 1744 4221 imaginationibuS,
1766 4136 2037 4220 praeter
2063 4126 2455 4214 sensioneS,

369 4235 695 4325 fortiora,
765 4237 893 4309 sed
960 4238 1133 4334 ipsis
1216 4237 1670 4311 sensionibus
1755 4239 2083 4312 claritate
2152 4240 2459 4335 aequalia

373 4361 566 4421 sunt.
674 4349 978 4440 Quinto,
1042 4351 1242 4446 quod
1307 4376 1543 4447 neque
1603 4351 1767 4424 loca
1831 4377 2069 4449 neque
2124 4364 2458 4450 aspectus
