3182 5102
750 437 890 503 344
1585 453 1968 505 Pursch.

372 623 544 736 ¹²¹³}ss
585 623 674 673 Ν·
747 616 944 689 inter
977 627 1325 688 conatum
1359 615 1586 712 ipsius
1619 615 1962 690 deorsum
1997 629 2074 689 et
2109 616 2601 690 resistentiam
2635 618 2833 711 ejus-

381 725 665 793 s-sssd
750 727 917 801 dem
985 739 1246 801 contra
1310 730 1499 802 aeris
1564 730 2202 826 penetrationem3
2275 731 2474 826 quod
2530 730 2834 825 quidem

324 829 691 943 3³¹⁵ssn‘11221'2'3
748 841 1237 937 aequilibrium
1297 866 1454 916 esse
1514 843 1591 916 in
1648 844 2039 917 altitudine
2092 853 2188 917 26
2255 843 2647 917 unciarum
2699 857 2832 916 aut

324 973 722 1072 nffiffiffin·
750 954 1070 1044 circiter,
1108 955 1225 1028 vel
1259 980 1349 1028 ex
1383 956 1527 1029 hoc
1563 957 2069 1053 experimento
2100 957 2570 1031 manifestum
2604 958 2716 1029 fit.

676 1058 691 1073 ’
850 1088 981 1140 111.
1032 1067 1631 1164 Experimentum
1706 1069 2007 1143 tertium
2075 1084 2209 1161 est,
2282 1070 2480 1167 quod
2548 1071 2629 1144 in
2697 1096 2831 1144 vas

747 1180 903 1253 solo
940 1204 1130 1270 aere,
1169 1194 1527 1277 quantum
1559 1183 1750 1255 aeris
1789 1194 2057 1256 natura
2087 1183 2385 1279 patitur,
2440 1183 2829 1279 repletum,

745 1304 1035 1367 tantum
1069 1306 1320 1368 tamen
1354 1295 1629 1391 impelli
1661 1308 1910 1392 potest
1943 1321 2176 1393 aquae,
2226 1308 2583 1392 quantum
2624 1297 2832 1392 capit

747 1407 1073 1501 ejusdem
1140 1409 1330 1482 vasis
1391 1409 1684 1482 circiter
1750 1409 2094 1484 dodrans,
2222 1409 2831 1504 Experimentum

746 1531 993 1593 autem
1027 1521 1167 1594 hoc
1202 1521 1421 1596 modo
1454 1522 1734 1595 factum
1769 1535 1904 1596 est.
2009 1522 2279 1595 Phialae
2327 1522 2605 1612 vitreae,
2661 1546 2831 1619 quae

749 1646 1311 1730 repraesentetur
1366 1636 1477 1727 (in
1521 1636 1647 1732 fig.
1684 1637 1763 1730 2)
1819 1660 1951 1732 per
2002 1637 2363 1733 sphaeram
2413 1637 2471 1707 F
2490 1636 2579 1725 G,
2617 1638 2832 1733 cujus

749 1759 1082 1821 centrum
1118 1760 1227 1821 est
1252 1749 1343 1837 A,
1379 1749 1821 1823 immittatur
1852 1750 2098 1823 fistula
2134 1750 2193 1822 Β
2215 1751 2280 1822 A
2305 1749 2388 1838 C,
2430 1750 2536 1821 ita
2570 1761 2834 1845 aptata

745 1861 1089 1936 foramini
1153 1886 1288 1958 per
1354 1862 1556 1959 quod
1622 1863 1912 1952 transit,
1981 1876 2066 1937 ut
2132 1863 2373 1959 ipsum
2438 1862 2829 1957 adaequate

744 1975 1094 2071 impleat;
1155 1976 1392 2071 sitque
1451 1976 1807 2049 terminus
1862 1978 2019 2072 ejus
2077 1976 2136 2048 Β
2190 1976 2267 2047 in
2322 1974 2552 2048 fundo
2607 1976 2830 2065 vasis,

743 2088 884 2160 nisi
936 2087 1137 2184 quod
1188 2089 1402 2185 spatii
1449 2100 1739 2163 tantum
1786 2090 2098 2179 intersit,
2153 2101 2241 2162 ut
2280 2112 2476 2186 aqua
2507 2112 2834 2185 superne

741 2201 1070 2275 immissa
1134 2202 1362 2275 libere
1423 2203 1621 2275 exire
1674 2203 1906 2298 possit
1962 2226 2098 2299 per
2152 2201 2239 2274 Β.
2377 2202 2491 2275 Sit
2555 2202 2831 2275 fistulae

745 2314 1172 2409 operculum
1206 2315 1283 2387 in
1316 2316 1410 2404 D,
1463 2315 1665 2410 quod
1714 2340 1926 2413 aquae
1976 2316 2056 2389 in
2107 2316 2347 2411 ipsum
2398 2316 2829 2389 ascendenti

743 2426 1022 2499 exitum
1073 2428 1399 2523 praebeat
1445 2451 1579 2523 per
1623 2429 1708 2501 E.
1810 2427 2299 2524 Epistomium
2348 2438 2595 2501 autem
2640 2429 2714 2511 H
2742 2429 2827 2518 C,

743 2538 943 2613 intra
986 2540 1305 2615 fistulam
1354 2539 1831 2638 perforatum,
1879 2540 2276 2615 transitum
2308 2566 2517 2639 aquae
2552 2566 2598 2615 a
2632 2542 2695 2615 B
2729 2541 2831 2615 ad

743 2652 812 2725 D
848 2653 1142 2728 claudat
1175 2654 1293 2727 vel
1324 2655 1627 2750 aperiat,
1661 2667 1883 2750 prout
1916 2679 2099 2751 opus
2132 2654 2379 2728 fuerit.
2471 2655 2827 2729 Detracto

744 2767 1088 2863 operculo
1145 2769 1212 2841 D
1246 2769 1307 2840 E
1367 2768 1783 2863 impellatur
1835 2790 2028 2863 aqua
2083 2791 2217 2863 per
2268 2767 2614 2856 fistulam,
2686 2793 2829 2864 ope

744 2880 1096 2976 siphonis,
1179 2891 1526 2976 quantam
1585 2880 1795 2976 sipho
1856 2880 2078 2975 capit,
2147 2881 2227 2953 in
2286 2881 2827 2954 concavitatem

742 2993 976 3077 vasis;
1032 2992 1295 3065 deinde
1342 2992 1588 3066 clauso
1635 2992 2001 3088 epistomii
2057 2992 2441 3082 foramine,
2496 3018 2592 3066 ne
2646 2995 2827 3089 quid

743 3107 931 3179 aeris
965 3131 1098 3203 per
1139 3130 1302 3179 eam
1335 3107 1531 3180 viam
1579 3106 2021 3202 egrediatur,
2074 3106 2284 3202 sipho
2336 3130 2589 3178 rursus
2632 3131 2829 3202 aqua

741 3219 1153 3315 impleatur,
1198 3229 1271 3292 et
1303 3243 1554 3292 rursus
1588 3231 1844 3315 aperto
1891 3219 2258 3315 epistomii
2299 3219 2685 3310 foramine,
2736 3244 2831 3293 ea

741 3357 936 3428 aqua
960 3332 1039 3404 in
1061 3333 1251 3406 vasis
1274 3332 1808 3405 concavitatem
1837 3355 1971 3427 per
1993 3331 2079 3422 B,
2101 3342 2187 3404 ut
2208 3343 2404 3422 ante,
2428 3332 2823 3427 injiciatur.

742 3445 988 3542 Atque
1013 3446 1268 3519 eadem
1295 3446 1624 3541 operatio
1651 3455 2026 3541 repetatur
2046 3444 2330 3540 quoties
2356 3446 2557 3534 libet,
2580 3468 2825 3518 assur-

741 3569 1013 3655 gatque
1048 3583 1262 3655 aqua,
1288 3559 1495 3632 verbi
1527 3559 1793 3657 gratia,
1822 3583 2051 3655 usque
2077 3558 2173 3631 ad
2206 3558 2273 3631 G
2292 3560 2371 3630 F.
2442 3558 2821 3631 Postremo

740 3670 1089 3767 imposito
1125 3671 1469 3767 operculo
1504 3684 1580 3745 et
1615 3683 1872 3768 aperto
1894 3672 2253 3746 foramine
2286 3671 2365 3744 in
2400 3671 2474 3744 H
2499 3671 2583 3761 C,
2616 3671 2823 3745 vide-

739 3783 981 3857 bimus
1008 3807 1274 3879 aquam
1299 3784 1649 3857 velociter
1676 3803 2057 3881 erumpere
2080 3809 2213 3881 per
2238 3786 2325 3874 E,
2348 3795 2423 3857 et
2442 3784 2821 3858 subsidere

738 3896 1092 3992 paulatim
1158 3896 1251 3969 ab
1312 3897 1370 3967 F
1390 3897 1478 3985 G,
1538 3921 1771 3993 usque
1834 3897 1930 3970 ad
1978 3897 2063 3970 Β.
2201 3899 2459 3995 Itaque
2513 3898 2606 3970 ab
2673 3898 2819 3971 hoc

738 4010 1224 4105 phaenomeno
1277 4010 1374 4083 ad
1432 4011 1944 4085 necessitatem
1997 4010 2209 4082 vacui
2275 4010 2379 4082 sic
2446 4021 2817 4105 arguunt:

740 4145 868 4194 vas
936 4134 1096 4196 erat
1161 4124 1253 4197 ab
1321 4123 1531 4197 initio
1600 4147 1769 4196 aere
1834 4124 2133 4220 plenum
2173 4151 2189 4195 :
2272 4122 2619 4219 injectam
2684 4147 2820 4219 per

744 4236 1066 4309 fistulam
1117 4260 1386 4333 aquam
1425 4261 1575 4310 non
1626 4236 1869 4332 potuit
1914 4260 2042 4309 aer
2088 4259 2221 4332 per
2267 4246 2501 4308 totam
2551 4235 2821 4309 fistulae

741 4346 1275 4444 longitudinem
1322 4351 1773 4445 penetrando
1810 4350 2033 4441 exire,
2082 4373 2321 4448 neque
2354 4348 2591 4424 exitus
2624 4349 2819 4424 ullus
