3182 5102
1254 483 1360 534 nn·
1400 483 1659 535 Μοτυ
2350 469 2487 533 189

395 647 576 721 tudo
614 648 681 721 D
716 650 801 733 E,
836 673 1139 723 necesse
1186 663 1300 723 est
1348 663 1436 724 ut
1486 648 1908 738 velocitate,
1961 660 2046 721 ut
2090 648 2476 744 parallelo-
2530 661 2837 776 PA11168111·

394 786 809 857 grammum
841 763 909 835 A
944 764 1003 853 I,
1053 776 1530 860 percurratur
1564 762 1952 858 longitudo
1991 761 2266 858 dupla
2249 764 2478 858 lpsius
2554 797 2802 832 »ἥρ-κ

394 875 461 948 D
498 877 584 959 E,
644 890 1040 973 propterea
1103 877 1303 973 quod
1363 876 2141 973 parallelogrammum
2179 875 2310 947 AI
2351 865 2537 949 du-¹
2511 931 2559 978 10
2544 882 2698 993 ”ngffu
2678 882 2884 980 ”d.¹¹¹g‘¹²
2798 874 2884 915 ⁰²¹²

398 988 601 1084 plum
631 1002 746 1062 est
766 990 1120 1087 trianguli
1149 992 1217 1063 A
1253 992 1314 1064 Β
1346 992 1405 1063 Ι.
2509 1012 2542 1109 ἰΡ
2546 1012 2864 1045 uuuuuuuuu
2868 1004 2888 1045 t

496 1111 567 1174 4.
623 1104 711 1176 In
747 1116 955 1177 motu
1009 1130 1054 1177 a
1108 1106 1356 1201 quiete
1390 1105 1498 1178 ita
1532 1103 1969 1191 accelerat0,
2026 1115 2113 1175 ut
2162 1102 2482 1199 impetus
2511 1128 2554 1174 fa
2509 1074 2721 1175 mitam}
2737 1071 2891 1189 inipe-

398 1216 752 1288 continuo
789 1231 1128 1290 crescant
1164 1219 1242 1292 in
1277 1218 1565 1291 ratione
1604 1230 2024 1313 temporum
2084 1241 2480 1313 consump-
2512 1202 2564 1240 ω
2582 1200 2841 1256 mt‘mpm

396 1341 641 1402 torum
679 1330 1075 1426 duplicata,
1140 1332 1281 1404 erit
1334 1355 1629 1427 quoque
1679 1329 2071 1427 longitudo
2124 1355 2479 1426 percursa

396 1466 545 1515 uno
583 1455 916 1540 tempore
945 1446 1043 1518 ad
1073 1443 1615 1541 longitudinem
1652 1444 1796 1516 alio
1827 1455 2161 1539 tempore
2181 1467 2484 1539 percur-

398 1579 576 1643 sam,
612 1569 698 1629 ut
732 1558 1013 1631 factum
1049 1583 1140 1631 ex
1175 1560 1459 1655 impetu
1493 1558 1569 1630 in
1607 1570 1897 1653 tempus
1933 1556 2151 1629 unius
2205 1569 2476 1647 motuS,

396 1669 493 1743 ad
525 1670 804 1744 factum
838 1697 931 1746 ex
963 1673 1247 1769 impetu
1280 1673 1359 1745 in
1394 1685 1687 1766 tempus
1717 1671 2020 1744 alterius
2056 1681 2325 1743 motus,

500 1784 614 1857 Sit
668 1787 864 1858 enim
907 1787 1013 1879 (in
1063 1788 1304 1883 figura
1359 1784 1713 1879 secunda)
1782 1796 2074 1879 tempus
2130 1784 2197 1854 A
2255 1783 2341 1873 Β,
2405 1785 2484 1857 in

400 1898 608 1992 cujus
675 1900 1031 1996 temporis
1101 1899 1316 1972 initio
1394 1899 1462 1970 A
1522 1898 1844 1993 impetus
1909 1896 2008 1969 sit
2074 1908 2159 1968 ut
2238 1896 2481 1992 ipsum

397 2023 758 2105 punctum
792 2013 884 2100 A,
940 2012 1069 2085 sed
1121 2012 1572 2107 procedente
1630 2023 1966 2106 tempore
2019 2022 2308 2082 crescat
2346 2011 2480 2083 im·-

398 2135 614 2218 petus
677 2125 1031 2198 continuo
1102 2125 1179 2198 in
1241 2125 1530 2198 ratione
1593 2135 2011 2220 temporum
2085 2123 2483 2218 duplicata,

401 2235 637 2308 donec
665 2236 744 2309 in
777 2236 1040 2310 ultimo
1088 2247 1371 2333 puncto
1423 2237 1781 2333 temporis
1833 2236 1894 2307 B
1945 2236 2351 2331 acquisitus
2388 2238 2487 2309 sit

400 2349 716 2445 impetus
780 2351 841 2423 B
906 2351 992 2434 I;
1057 2362 1133 2423 et
1194 2350 1271 2422 in
1326 2350 1394 2422 A
1430 2351 1491 2422 B
1556 2364 1891 2446 tempore
1966 2361 2260 2445 sumpto
2317 2351 2482 2423 ubi-

401 2487 690 2561 cunque
725 2476 1006 2561 puncto
1044 2465 1122 2554 F,
1158 2464 1559 2537 ordinatim
1594 2464 2011 2561 applicetur
2045 2463 2364 2560 impetus
2394 2488 2482 2537 eo

401 2588 733 2672 tempore
789 2578 1196 2673 acquisitus
1232 2578 1288 2648 F
1327 2578 1419 2650 K.
1524 2577 1899 2652 Quoniam
1958 2600 2135 2673 ergo
2197 2578 2252 2648 F
2289 2579 2356 2650 K
2391 2578 2489 2651 ad

404 2689 465 2761 B
501 2690 534 2761 I
571 2691 1012 2787 supponitur
1071 2692 1345 2764 habere
1406 2691 1770 2764 rationem
1825 2689 2273 2786 duplicatam
2329 2693 2488 2787 ejus

404 2826 624 2897 quam
681 2804 909 2877 habet
970 2805 1038 2876 A
1087 2806 1144 2877 F
1200 2804 1298 2878 ad
1330 2804 1398 2876 A
1457 2805 1542 2893 B,
1608 2804 1913 2877 habebit
1962 2805 2032 2875 A
2083 2804 2140 2875 F
2191 2804 2286 2877 ad
2319 2805 2387 2876 A
2424 2806 2485 2878 Β

404 2917 769 2989 rationem
816 2917 1409 3014 subduplicatam
1463 2919 1623 3013 ejus
1673 2941 1895 3014 quam
1928 2917 2156 2989 habet
2191 2918 2248 2988 F
2283 2918 2350 2989 K
2388 2918 2487 2991 ad

404 3029 465 3100 B
491 3030 548 3117 Ι,
588 3042 664 3120 et
689 3030 754 3103 A
780 3030 841 3101 B
878 3030 976 3103 ad
1007 3030 1075 3102 A
1097 3031 1155 3101 F
1190 3030 1780 3126 subduplicatam
1809 3033 1966 3126 ejus
2004 3055 2225 3126 quam
2257 3031 2485 3105 habet

405 3141 466 3212 B
505 3143 537 3214 I
574 3143 671 3215 ad
704 3144 762 3214 F
797 3144 890 3232 Κ,
944 3155 1020 3215 et
1072 3143 1385 3239 proinde
1440 3145 1583 3216 erit
1636 3157 1996 3240 punctum
2046 3144 2113 3215 K
2168 3145 2245 3216 in
2290 3145 2486 3218 linea

401 3256 845 3350 parabolica,
905 3258 1114 3351 cujus
1173 3255 1533 3329 diameter
1581 3269 1695 3329 est
1750 3260 1818 3329 A
1853 3257 1914 3329 Β
1950 3269 2027 3329 et
2077 3257 2275 3329 basis
2325 3258 2386 3329 B
2423 3259 2481 3332 Ι.

404 3369 501 3441 Et
537 3369 757 3441 simili
811 3370 1127 3457 ratione,
1180 3369 1258 3441 in
1312 3393 1756 3466 quocunque
1808 3381 2088 3466 puncto
2130 3372 2484 3467 temporis

402 3483 470 3554 A
493 3483 554 3555 Β
605 3482 1021 3579 applicetur
1082 3483 1402 3578 impetus
1479 3506 1567 3556 eo
1648 3495 1981 3577 tempore
2053 3483 2484 3578 acquisituS,

403 3597 545 3668 erit
580 3608 788 3669 recta
821 3621 990 3668 eum
1027 3596 1385 3692 impetum
1423 3596 1818 3692 designans
1853 3596 1931 3667 in
1981 3594 2238 3668 eadem
2271 3621 2485 3693 para-

401 3709 644 3784 bolica
696 3711 761 3782 A
813 3711 880 3782 K
920 3711 978 3782 Ι.
1087 3710 1335 3784 Quare
1395 3709 1715 3806 impetus
1779 3709 2044 3781 ductus
2103 3709 2181 3781 in
2243 3721 2488 3783 totum

403 3836 694 3919 tempus
743 3823 811 3895 A
854 3823 910 3894 B
949 3823 1090 3896 erit
1144 3823 1498 3919 parabola
1545 3824 1614 3896 A
1652 3824 1719 3895 K
1759 3823 1791 3894 I
1831 3822 1915 3912 Β,
1964 3845 2127 3917 quae
2183 3824 2485 3918 aequalis

404 3947 517 4008 est
569 3936 1261 4033 parallelogrammo
1325 3937 1393 4009 A
1453 3938 1561 4025 M,
1629 3938 1837 4032 cujus
1892 3960 2124 4008 unum
2186 3937 2483 4032 quidem

401 4047 596 4121 latus
633 4061 747 4122 est
779 4050 849 4120 A
884 4049 945 4121 Β
981 4061 1298 4145 tempuS,
1336 4050 1652 4123 alterum
1685 4061 1935 4122 autem
1965 4049 2282 4145 impetus
2321 4051 2389 4122 A
2425 4052 2486 4123 L

403 4161 566 4235 duae
618 4163 861 4235 tertiae
916 4163 1236 4258 impetus
1272 4164 1333 4235 B
1372 4164 1430 4235 Ι.
1533 4165 1669 4236 Est
1728 4164 1924 4235 enim
1980 4164 2217 4235 omnis
2268 4187 2483 4260 para-

400 4274 573 4347 bola
606 4275 906 4370 aequalis
944 4275 1225 4347 duabus
1279 4277 1521 4348 tertiis
1572 4276 2261 4373 parallelogrammi,
2316 4277 2484 4350 alti-

404 4387 739 4461 tudinem
801 4400 878 4461 et
938 4388 1174 4462 basim
1223 4388 1566 4463 habentis
1620 4390 1950 4464 eandem.
2054 4390 2245 4463 Tota
2303 4415 2481 4488 ergo
