3182 5102
687 445 823 509 198
1165 460 1272 509 DE
1313 460 1822 512 RATIONIBUS
1860 461 2248 513 MOTUUM.

308 630 479 679 PARS
515 630 617 677 111·
677 633 955 694 stratur
976 622 1393 719 ubicunque
1418 624 1615 697 inter
1639 625 1706 696 A
1733 638 1809 698 et
1837 625 1901 701 B
1927 638 2259 698 sumatur
2282 637 2642 720 punctum
2662 626 2751 697 E.

412 698 427 741 1
438 699 482 743 ί).

677 737 772 807 Et
822 758 955 831 per
1006 760 1462 832 consequens
1523 762 1812 834 semper
1866 739 2008 811 erit
2064 738 2331 811 mobile
2393 738 2471 810 in
2528 762 2756 810 curva

255 832 646 945 ,Sjssffffgbfjff'
679 849 744 920 Α
779 849 842 922 G
878 849 966 921 D.
1074 850 1296 923 Quod
1331 862 1492 923 erat
1527 851 2204 924 demonstrandum.

256 963 421 1020 simul,
446 972 538 1010 etc.

787 971 896 1034 ll.
951 963 1228 1035 Eadem
1269 965 1620 1037 methodo
1671 965 1964 1037 ostendi
2008 976 2280 1060 potest,
2330 989 2499 1059 quae
2558 964 2758 1037 linea

679 1076 776 1149 sit
861 1100 1078 1171 quam
1162 1092 1548 1173 percurrat
1646 1078 1915 1151 mobile
2001 1091 2249 1151 actum
2334 1102 2380 1148 a
2465 1077 2754 1150 duobus

678 1189 1143 1261 moventibus
1175 1213 1310 1284 per
1345 1214 1784 1262 concursum
1820 1190 2402 1285 quibuscunque,
2441 1213 2752 1285 quorum

683 1301 977 1397 quidem
1022 1325 1249 1374 unum
1289 1315 1675 1375 moveatur
1719 1301 2210 1392 uniformiter,
2261 1302 2575 1375 alterum
2624 1328 2752 1375 au-

682 1426 834 1487 tem
868 1414 1297 1504 accelerate,
1335 1415 1467 1488 sed
1513 1416 1915 1488 secundum
1967 1417 2293 1488 rationes
2347 1417 2754 1511 spatiorum

684 1540 759 1600 et
820 1540 1235 1622 temporum
1302 1528 1629 1600 numeris
1697 1528 2189 1623 explicabiles,
2261 1529 2513 1623 quales
2581 1541 2755 1600 sunt

683 1641 1006 1714 rationes
1049 1641 1444 1737 duplicata,
1496 1642 1892 1738 triplicata,
1948 1654 2024 1714 et
2076 1643 2181 1714 sic
2234 1642 2603 1738 deincepS,
2639 1641 2754 1714 vel

685 1754 937 1849 quales
974 1767 1146 1826 sunt
1180 1778 1346 1849 quae
1388 1779 1830 1850 quocunque
1881 1779 2189 1828 numero
2239 1755 2477 1828 fracto
2515 1754 2755 1850 desig-

685 1868 845 1939 nari
928 1881 1263 1963 possunt.
1413 1868 1698 1964 Regula
1783 1881 2031 1941 autem
2117 1880 2230 1941 est
2310 1868 2752 1965 hujusmodi.

689 1981 996 2053 Numeri
1097 1981 1242 2054 duo
1338 1981 1822 2077 longitudinis
1924 1994 2001 2055 et
2093 1982 2446 2078 temporis
2541 1980 2755 2053 simul

687 2094 1105 2177 addantur;
1167 2095 1429 2167 horum
1492 2119 1776 2167 summa
1835 2095 1932 2167 sit
1992 2094 2372 2167 fractionis
2429 2094 2757 2167 denomi-

685 2219 927 2296 nator,
965 2209 1174 2303 cujus
1221 2220 1649 2280 numerator
1700 2208 1798 2280 sit
1848 2231 2197 2280 numerus
2247 2208 2754 2304 longitudinis.

688 2321 1151 2393 Fractionem
1198 2321 1390 2392 hanc
1450 2344 1693 2415 quaere
1749 2320 1824 2392 in
1880 2320 2151 2393 tabella
2204 2321 2495 2393 articuli
2554 2320 2756 2393 tertii

689 2433 866 2529 Cap.
914 2436 999 2516 17
1030 2464 1049 2517 ;
1111 2432 1397 2529 eritque
1446 2432 1644 2505 linea
1696 2435 2004 2528 quaesita
2057 2458 2166 2523 ea,
2218 2458 2381 2529 quae
2433 2434 2758 2529 pertinet

687 2546 781 2619 ad
817 2546 1192 2620 trilineum
1227 2571 1271 2619 a
1312 2546 1624 2619 sinistra.
1660 2547 2087 2644 ascriptum,
2142 2560 2219 2621 et
2269 2548 2549 2644 species
2601 2549 2758 2645 ejus

687 2685 853 2755 quae
889 2684 1111 2756 supra
1143 2661 1376 2756 ipsam
1409 2660 1848 2734 fractionem
1882 2673 2335 2734 numeratur.
2422 2662 2758 2757 Exempli

687 2798 927 2846 causa.
1011 2774 1124 2846 Sit
1158 2798 1559 2847 concursus
1589 2775 1903 2847 duorum
1939 2775 2416 2862 moventium,
2446 2798 2758 2870 quorum

686 2886 1000 2959 alterum
1062 2898 1401 2960 movetur
1467 2887 1955 2977 uniformiter,
2020 2888 2331 2960 alterum
2385 2900 2596 2959 motu
2653 2887 2761 2958 ita

687 3000 1122 3088 accelerato,
1179 3011 1265 3072 ut
1301 3000 1540 3096 spatia
1574 3001 1724 3074 sint
1774 3001 1871 3073 ad
1906 3018 2241 3096 tempora
2275 3001 2352 3073 in
2387 3000 2675 3073 ratione
2711 3010 2755 3072 5

687 3113 781 3185 ad
817 3123 882 3186 3.
989 3112 1152 3185 Fiat
1192 3113 1481 3202 fractio,
1518 3115 1726 3211 cujus
1764 3113 2278 3186 denominatur
2329 3125 2442 3186 est
2476 3137 2762 3186 summa

688 3251 777 3299 ex
816 3236 856 3298 5
896 3238 972 3298 et
1006 3236 1077 3314 3,
1112 3238 1540 3298 numerator
1573 3240 1821 3300 autem
1861 3238 1927 3300 5.
2032 3228 2165 3299 Est
2216 3226 2443 3324 igitur
2492 3227 2759 3299 fractio

689 3339 812 3411 illa
867 3343 927 3420 {-
1051 3337 1198 3409 Adi
1262 3339 1629 3428 tabellam,
1686 3340 2015 3414 invenies
2077 3343 2109 3420 ἓ
2177 3341 2253 3412 in
2322 3340 2579 3412 ordine
2639 3339 2759 3412 cui

687 3452 1081 3525 ascribitur
1128 3451 1501 3524 trilineum
1546 3477 1636 3524 ex
1687 3454 1948 3526 mediis
2003 3466 2342 3549 quatuor,
2407 3465 2482 3524 et
2541 3453 2618 3524 in
2669 3476 2756 3524 eo

687 3565 945 3638 ordine
981 3563 1308 3636 tertium.
1420 3566 1681 3660 Itaque
1715 3567 1934 3656 linea,
1972 3590 2136 3661 quae
2174 3566 2631 3661 percurritur
2665 3566 2758 3637 ab

684 3677 1106 3775 hujusmodi
1147 3678 1599 3750 moventium
1653 3703 2032 3768 consursu,
2084 3680 2227 3750 erit
2282 3679 2480 3751 linea
2533 3703 2760 3752 curva

685 3790 1175 3887 parabolastri
1210 3814 1301 3862 ex
1337 3791 1599 3864 mediis
1636 3804 1956 3887 quatuor
1990 3792 2217 3864 tertii.

794 3913 905 3975 12.
963 3902 1042 3974 Si
1069 3914 1315 3974 motus
1348 3903 1481 3975 fiat
1523 3928 1656 4000 per
1704 3928 2142 3976 concursum
2196 3905 2559 3977 moventis
2593 3905 2755 3976 uni-

685 4016 1043 4105 formiter,
1082 4027 1158 4087 et
1203 4018 1568 4090 moventis
1618 4032 1826 4089 motu
1871 4030 2250 4112 utcunque
2300 4018 2755 4101 accelerato;

686 4154 987 4203 movens
1032 4128 1500 4203 uniformiter
1551 4131 1793 4203 minus
1843 4130 2308 4226 promovebit
2358 4130 2628 4203 mobile
2679 4131 2756 4203 in

687 4244 992 4340 singulis
1029 4244 1284 4339 spatiis
1319 4244 1710 4340 paralleliS‚
1767 4269 1986 4340 quam
2041 4244 2101 4315 si
2148 4257 2461 4338 uterque
2513 4256 2758 4316 motus

688 4370 880 4429 esset
914 4356 1322 4446 uniformis,
1362 4372 1437 4430 et
1475 4383 1561 4430 eo
1598 4358 1838 4429 minus
1892 4382 2037 4452 quo
2073 4371 2317 4429 motus
2369 4358 2601 4451 magis
2643 4371 2760 4430 est

685 4470 1157 4543 acceleratus.
