<?xml version="1.0" encoding="UTF-8"?>
<!DOCTYPE html PUBLIC "-//W3C//DTD XHTML 1.0 Transitional//EN"
    "http://www.w3.org/TR/xhtml1/DTD/xhtml1-transitional.dtd">
<html xmlns="http://www.w3.org/1999/xhtml" xml:lang="en" lang="en">
 <head>
  <title>
</title>
<meta http-equiv="Content-Type" content="text/html;charset=utf-8" />
  <meta name='ocr-system' content='tesseract 3.04.00' />
  <meta name='ocr-capabilities' content='ocr_page ocr_carea ocr_par ocr_line ocrx_word'/>
</head>
<body>
  <div class='ocr_page' id='page_1' title='image "./thomhobbesmalme03molegoog_0184.png"; bbox 0 0 3182 5102; ppageno 0'>
   <div class='ocr_carea' id='block_1_1' title="bbox 358 662 615 776">
    <p class='ocr_par' dir='ltr' id='par_1_1' title="bbox 358 662 615 776">
     <span class='ocr_line' id='line_1_1' title="bbox 358 662 615 776; baseline -0.004 -65"><span class='ocrx_word' id='word_1_1' title='bbox 358 662 533 776; x_wconf 56' lang='grc' dir='ltr'>ΡΑΞΒ</span> <span class='ocrx_word' id='word_1_2' title='bbox 570 662 615 711; x_wconf 88' lang='lat'>1.</span> 
     </span>
    </p>
   </div>
   <div class='ocr_carea' id='block_1_2' title="bbox 344 801 625 832">
    <p class='ocr_par' dir='ltr' id='par_1_2' title="bbox 344 801 625 832">
     <span class='ocr_line' id='line_1_2' title="bbox 344 801 625 832; baseline 0 -10"><span class='ocrx_word' id='word_1_3' title='bbox 344 801 625 832; x_wconf 44' lang='grc' dir='ltr'>κ-Ὗ-α</span> 
     </span>
    </p>
   </div>
   <div class='ocr_carea' id='block_1_3' title="bbox 349 1707 652 1837">
    <p class='ocr_par' dir='ltr' id='par_1_3' title="bbox 349 1707 652 1837">
     <span class='ocr_line' id='line_1_3' title="bbox 356 1707 652 1785; baseline 0.003 -29"><span class='ocrx_word' id='word_1_4' title='bbox 356 1707 652 1785; x_wconf 52' lang='grc' dir='ltr'>Εξεῐρρὶιιω</span> 
     </span>
     <span class='ocr_line' id='line_1_4' title="bbox 349 1789 511 1837; baseline -0.012 -14"><span class='ocrx_word' id='word_1_5' title='bbox 349 1789 511 1837; x_wconf 77' lang='lat' dir='ltr'>prum.</span> 
     </span>
    </p>
   </div>
   <div class='ocr_carea' id='block_1_4' title="bbox 391 3402 620 3451">
    <p class='ocr_par' dir='ltr' id='par_1_4' title="bbox 391 3402 620 3451">
     <span class='ocr_line' id='line_1_5' title="bbox 391 3402 620 3451; baseline 0.004 -2"><span class='ocrx_word' id='word_1_6' title='bbox 391 3402 620 3451; x_wconf 82' lang='lat' dir='ltr'>Secundi.</span> 
     </span>
    </p>
   </div>
   <div class='ocr_carea' id='block_1_5' title="bbox 707 475 2301 544">
    <p class='ocr_par' dir='ltr' id='par_1_5' title="bbox 707 475 2301 544">
     <span class='ocr_line' id='line_1_6' title="bbox 707 475 2301 544; baseline 0.003 -7"><span class='ocrx_word' id='word_1_7' title='bbox 707 475 798 538; x_wconf 86' lang='lat'>52</span> <span class='ocrx_word' id='word_1_8' title='bbox 1174 488 1706 541; x_wconf 73' lang='lat' dir='ltr'>coMPUTA&#39;rlo</span> <span class='ocrx_word' id='word_1_9' title='bbox 1749 491 1935 542; x_wconf 80' lang='lat' dir='ltr'>slvE</span> <span class='ocrx_word' id='word_1_10' title='bbox 1978 491 2301 544; x_wconf 80' lang='lat' dir='ltr'>LOGICA.</span> 
     </span>
    </p>
   </div>
   <div class='ocr_carea' id='block_1_6' title="bbox 704 654 2779 867">
    <p class='ocr_par' dir='ltr' id='par_1_6' title="bbox 704 654 2779 867">
     <span class='ocr_line' id='line_1_7' title="bbox 704 654 2779 754; baseline 0.002 -27"><span class='ocrx_word' id='word_1_11' title='bbox 704 677 874 727; x_wconf 91' lang='lat' dir='ltr'>cum</span> <span class='ocrx_word' id='word_1_12' title='bbox 925 655 1236 730; x_wconf 79' lang='lat' dir='ltr'>nomine</span> <span class='ocrx_word' id='word_1_13' title='bbox 1302 654 1659 729; x_wconf 85' lang='lat' dir='ltr'>orationis</span> <span class='ocrx_word' id='word_1_14' title='bbox 1729 656 2135 752; x_wconf 88' lang='lat' dir='ltr'>copuletur.</span> <span class='ocrx_word' id='word_1_15' title='bbox 2242 659 2538 754; x_wconf 86' lang='lat' dir='ltr'><strong>Septem</strong></span> <span class='ocrx_word' id='word_1_16' title='bbox 2601 682 2779 754; x_wconf 84' lang='lat' dir='ltr'>ergo</span> 
     </span>
     <span class='ocr_line' id='line_1_8' title="bbox 704 769 2274 867; baseline 0.003 -26"><span class='ocrx_word' id='word_1_17' title='bbox 704 769 942 842; x_wconf 86' lang='lat' dir='ltr'>modis</span> <span class='ocrx_word' id='word_1_18' title='bbox 978 771 1323 867; x_wconf 86' lang='lat' dir='ltr'>copulata</span> <span class='ocrx_word' id='word_1_19' title='bbox 1355 769 1659 843; x_wconf 88' lang='lat' dir='ltr'>nomina</span> <span class='ocrx_word' id='word_1_20' title='bbox 1689 794 1841 844; x_wconf 88' lang='lat' dir='ltr'>non</span> <span class='ocrx_word' id='word_1_21' title='bbox 1878 772 2274 845; x_wconf 86' lang='lat' dir='ltr'>cohaerent.</span> 
     </span>
    </p>
   </div>
   <div class='ocr_carea' id='block_1_7' title="bbox 705 931 2784 1469">
    <p class='ocr_par' dir='ltr' id='par_1_7' title="bbox 706 931 2780 1166">
     <span class='ocr_line' id='line_1_9' title="bbox 710 931 2704 1008; baseline -0.001 -16"><span class='ocrx_word' id='word_1_22' title='bbox 710 937 764 992; x_wconf 95' lang='lat'>1.</span> <span class='ocrx_word' id='word_1_23' title='bbox 808 932 869 991; x_wconf 90' lang='lat' dir='ltr'>Si</span> <span class='ocrx_word' id='word_1_24' title='bbox 894 950 1102 990; x_wconf 88' lang='lat' dir='ltr'>nomen</span> <span class='ocrx_word' id='word_1_25' title='bbox 1131 931 1402 1008; x_wconf 84' lang='lat' dir='ltr'>Corporis</span> <span class='ocrx_word' id='word_1_26' title='bbox 1953 952 2085 991; x_wconf 90' lang='lat' dir='ltr'>cum</span> <span class='ocrx_word' id='word_1_27' title='bbox 2103 935 2333 992; x_wconf 92' lang='lat' dir='ltr'>nomine</span> <span class='ocrx_word' id='word_1_28' title='bbox 2352 935 2704 992; x_wconf 87' lang='lat' dir='ltr'>Accidentis.</span> 
     </span>
     <span class='ocr_line' id='line_1_10' title="bbox 707 1009 2780 1087; baseline 0 -19"><span class='ocrx_word' id='word_1_29' title='bbox 707 1013 764 1070; x_wconf 81' lang='lat'>2.</span> <span class='ocrx_word' id='word_1_30' title='bbox 805 1009 868 1068; x_wconf 91' lang='lat' dir='ltr'>Si</span> <span class='ocrx_word' id='word_1_31' title='bbox 897 1030 1105 1069; x_wconf 90' lang='lat' dir='ltr'>nomen</span> <span class='ocrx_word' id='word_1_32' title='bbox 1127 1011 1398 1087; x_wconf 82' lang='lat' dir='ltr'>Corporis</span> <span class='ocrx_word' id='word_1_33' title='bbox 1953 1031 2084 1070; x_wconf 92' lang='lat' dir='ltr'>cum</span> <span class='ocrx_word' id='word_1_34' title='bbox 2102 1015 2330 1071; x_wconf 91' lang='lat' dir='ltr'>nomine</span> <span class='ocrx_word' id='word_1_35' title='bbox 2349 1014 2780 1071; x_wconf 72' lang='lat' dir='ltr'>PhantasmatiS.</span> 
     </span>
     <span class='ocr_line' id='line_1_11' title="bbox 706 1089 2628 1166; baseline 0.001 -17"><span class='ocrx_word' id='word_1_36' title='bbox 706 1095 763 1149; x_wconf 83' lang='lat'>3.</span> <span class='ocrx_word' id='word_1_37' title='bbox 809 1089 869 1147; x_wconf 91' lang='lat' dir='ltr'>Si</span> <span class='ocrx_word' id='word_1_38' title='bbox 897 1109 1103 1148; x_wconf 91' lang='lat' dir='ltr'>nomen</span> <span class='ocrx_word' id='word_1_39' title='bbox 1126 1090 1397 1166; x_wconf 83' lang='lat' dir='ltr'>Corporis</span> <span class='ocrx_word' id='word_1_40' title='bbox 1952 1111 2084 1149; x_wconf 88' lang='lat' dir='ltr'>cum</span> <span class='ocrx_word' id='word_1_41' title='bbox 2103 1094 2331 1150; x_wconf 92' lang='lat' dir='ltr'>nomine</span> <span class='ocrx_word' id='word_1_42' title='bbox 2349 1092 2628 1151; x_wconf 87' lang='lat' dir='ltr'>Nominis.</span> 
     </span>
    </p>

    <p class='ocr_par' dir='ltr' id='par_1_8' title="bbox 705 1168 2784 1309">
     <span class='ocr_line' id='line_1_12' title="bbox 706 1168 2784 1244; baseline 0 -16"><span class='ocrx_word' id='word_1_43' title='bbox 706 1175 763 1228; x_wconf 76' lang='lat'>4.</span> <span class='ocrx_word' id='word_1_44' title='bbox 807 1168 868 1226; x_wconf 90' lang='lat' dir='ltr'>Si</span> <span class='ocrx_word' id='word_1_45' title='bbox 895 1188 1103 1227; x_wconf 91' lang='lat' dir='ltr'>nomen</span> <span class='ocrx_word' id='word_1_46' title='bbox 1127 1170 1456 1228; x_wconf 89' lang='lat' dir='ltr'>Accidentis</span> <span class='ocrx_word' id='word_1_47' title='bbox 1603 1169 1902 1244; x_wconf 81' lang='lat' dir='ltr'>copuletur</span> <span class='ocrx_word' id='word_1_48' title='bbox 1950 1190 2083 1228; x_wconf 91' lang='lat' dir='ltr'>cum</span> <span class='ocrx_word' id='word_1_49' title='bbox 2102 1175 2329 1229; x_wconf 92' lang='lat' dir='ltr'>nomine</span> <span class='ocrx_word' id='word_1_50' title='bbox 2348 1172 2784 1230; x_wconf 77' lang='lat' dir='ltr'>Phantasmatis.</span> 
     </span>
     <span class='ocr_line' id='line_1_13' title="bbox 705 1247 2630 1309; baseline -0.001 0"><span class='ocrx_word' id='word_1_51' title='bbox 705 1253 764 1309; x_wconf 81' lang='lat'>5.</span> <span class='ocrx_word' id='word_1_52' title='bbox 809 1247 869 1307; x_wconf 91' lang='lat' dir='ltr'>Si</span> <span class='ocrx_word' id='word_1_53' title='bbox 894 1268 1104 1306; x_wconf 90' lang='lat' dir='ltr'>nomen</span> <span class='ocrx_word' id='word_1_54' title='bbox 1126 1249 1472 1307; x_wconf 86' lang='lat' dir='ltr'>Accidentis</span> <span class='ocrx_word' id='word_1_55' title='bbox 1951 1269 2082 1307; x_wconf 91' lang='lat' dir='ltr'>cum</span> <span class='ocrx_word' id='word_1_56' title='bbox 2104 1252 2332 1308; x_wconf 88' lang='lat' dir='ltr'>nomine</span> <span class='ocrx_word' id='word_1_57' title='bbox 2350 1251 2630 1308; x_wconf 88' lang='lat' dir='ltr'>Nominis.</span> 
     </span>
    </p>

    <p class='ocr_par' dir='ltr' id='par_1_9' title="bbox 705 1327 2627 1388">
     <span class='ocr_line' id='line_1_14' title="bbox 705 1327 2627 1388; baseline -0.001 0"><span class='ocrx_word' id='word_1_58' title='bbox 705 1333 765 1388; x_wconf 85' lang='lat'>6.</span> <span class='ocrx_word' id='word_1_59' title='bbox 810 1327 870 1385; x_wconf 85' lang='lat' dir='ltr'>Si</span> <span class='ocrx_word' id='word_1_60' title='bbox 888 1346 1095 1386; x_wconf 86' lang='lat' dir='ltr'>nomen</span> <span class='ocrx_word' id='word_1_61' title='bbox 1116 1328 1532 1387; x_wconf 80' lang='lat' dir='ltr'>Phantasmatis</span> <span class='ocrx_word' id='word_1_62' title='bbox 1950 1348 2081 1387; x_wconf 88' lang='lat' dir='ltr'>cum</span> <span class='ocrx_word' id='word_1_63' title='bbox 2102 1332 2331 1388; x_wconf 88' lang='lat' dir='ltr'>nomine</span> <span class='ocrx_word' id='word_1_64' title='bbox 2349 1330 2627 1387; x_wconf 86' lang='lat' dir='ltr'>Nominis.</span> 
     </span>
    </p>

    <p class='ocr_par' dir='ltr' id='par_1_10' title="bbox 707 1406 2652 1469">
     <span class='ocr_line' id='line_1_15' title="bbox 707 1406 2652 1469; baseline -0.002 0"><span class='ocrx_word' id='word_1_65' title='bbox 707 1406 765 1469; x_wconf 86' lang='lat'>7.</span> <span class='ocrx_word' id='word_1_66' title='bbox 810 1406 872 1465; x_wconf 90' lang='lat' dir='ltr'>Si</span> <span class='ocrx_word' id='word_1_67' title='bbox 899 1426 1105 1465; x_wconf 90' lang='lat' dir='ltr'>nomen</span> <span class='ocrx_word' id='word_1_68' title='bbox 1135 1407 1246 1466; x_wconf 88' lang='lat' dir='ltr'>Rei</span> <span class='ocrx_word' id='word_1_69' title='bbox 1948 1427 2081 1467; x_wconf 88' lang='lat' dir='ltr'>cum</span> <span class='ocrx_word' id='word_1_70' title='bbox 2098 1411 2326 1467; x_wconf 91' lang='lat' dir='ltr'>nomine</span> <span class='ocrx_word' id='word_1_71' title='bbox 2345 1409 2652 1468; x_wconf 78' lang='lat' dir='ltr'>Orationis.</span> 
     </span>
    </p>
   </div>
   <div class='ocr_carea' id='block_1_8' title="bbox 710 1562 2801 4490">
    <p class='ocr_par' dir='ltr' id='par_1_11' title="bbox 711 1562 2357 1661">
     <span class='ocr_line' id='line_1_16' title="bbox 711 1562 2357 1661; baseline -0.001 -22"><span class='ocrx_word' id='word_1_72' title='bbox 711 1564 1047 1639; x_wconf 77' lang='lat' dir='ltr'>Quorum</span> <span class='ocrx_word' id='word_1_73' title='bbox 1076 1563 1405 1637; x_wconf 89' lang='lat' dir='ltr'>omnium</span> <span class='ocrx_word' id='word_1_74' title='bbox 1441 1562 1775 1659; x_wconf 84' lang='lat' dir='ltr'>exempla</span> <span class='ocrx_word' id='word_1_75' title='bbox 1807 1564 2357 1661; x_wconf 83' lang='lat' dir='ltr'>subjungemus.</span> 
     </span>
    </p>

    <p class='ocr_par' dir='ltr' id='par_1_12' title="bbox 710 1676 2791 3359">
     <span class='ocr_line' id='line_1_17' title="bbox 811 1676 2788 1773; baseline -0.002 -22"><span class='ocrx_word' id='word_1_76' title='bbox 811 1688 882 1752; x_wconf 92' lang='lat'>3.</span> <span class='ocrx_word' id='word_1_77' title='bbox 932 1678 1163 1751; x_wconf 84' lang='lat' dir='ltr'>Juxta</span> <span class='ocrx_word' id='word_1_78' title='bbox 1195 1677 1494 1750; x_wconf 90' lang='lat' dir='ltr'>modum</span> <span class='ocrx_word' id='word_1_79' title='bbox 1529 1677 1847 1773; x_wconf 91' lang='lat' dir='ltr'>primum</span> <span class='ocrx_word' id='word_1_80' title='bbox 1883 1676 2085 1749; x_wconf 85' lang='lat' dir='ltr'>falsae</span> <span class='ocrx_word' id='word_1_81' title='bbox 2119 1689 2293 1750; x_wconf 91' lang='lat' dir='ltr'>sunt</span> <span class='ocrx_word' id='word_1_82' title='bbox 2326 1676 2453 1749; x_wconf 91' lang='lat' dir='ltr'>ubi</span> <span class='ocrx_word' id='word_1_83' title='bbox 2487 1676 2788 1749; x_wconf 85' lang='lat' dir='ltr'>nomina</span> 
     </span>
     <span class='ocr_line' id='line_1_18' title="bbox 710 1791 2788 1888; baseline -0.003 -23"><span class='ocrx_word' id='word_1_84' title='bbox 710 1793 1085 1865; x_wconf 85' lang='lat' dir='ltr'>abstracta</span> <span class='ocrx_word' id='word_1_85' title='bbox 1104 1791 1543 1888; x_wconf 84' lang='lat' dir='ltr'>copulantur</span> <span class='ocrx_word' id='word_1_86' title='bbox 1569 1815 1739 1864; x_wconf 93' lang='lat' dir='ltr'>cum</span> <span class='ocrx_word' id='word_1_87' title='bbox 1767 1791 2157 1877; x_wconf 85' lang='lat' dir='ltr'>concretis,</span> <span class='ocrx_word' id='word_1_88' title='bbox 2184 1802 2272 1863; x_wconf 91' lang='lat' dir='ltr'>ut</span> <span class='ocrx_word' id='word_1_89' title='bbox 2300 1814 2465 1861; x_wconf 84' lang='lat' dir='ltr'>esse</span> <span class='ocrx_word' id='word_1_90' title='bbox 2490 1799 2605 1860; x_wconf 86' lang='lat' dir='ltr'>est</span> <span class='ocrx_word' id='word_1_91' title='bbox 2633 1814 2788 1874; x_wconf 79' lang='lat' dir='ltr'>ens,</span> 
     </span>
     <span class='ocr_line' id='line_1_19' title="bbox 714 1902 2784 2001; baseline -0.003 -23"><span class='ocrx_word' id='word_1_92' title='bbox 714 1905 1042 1979; x_wconf 68' lang='lat' dir='ltr'>eSSentia</span> <span class='ocrx_word' id='word_1_93' title='bbox 1093 1915 1209 1977; x_wconf 69' lang='lat' dir='ltr'>est</span> <span class='ocrx_word' id='word_1_94' title='bbox 1262 1931 1415 1990; x_wconf 64' lang='lat' dir='ltr'>ens,</span> <span class='ocrx_word' id='word_1_95' title='bbox 1470 1906 1544 1974; x_wconf 75' lang='grc' dir='ltr'>τὸ</span> <span class='ocrx_word' id='word_1_96' title='bbox 1596 1907 1658 1975; x_wconf 73' lang='grc' dir='ltr'>τί</span> <span class='ocrx_word' id='word_1_97' title='bbox 1690 1905 1769 1985; x_wconf 83' lang='grc' dir='ltr'>ἦν</span> <span class='ocrx_word' id='word_1_98' title='bbox 1820 1904 1994 1993; x_wconf 72' lang='grc' dir='ltr'>ειναῖ,</span> <span class='ocrx_word' id='word_1_99' title='bbox 2036 1902 2149 1998; x_wconf 91' lang='lat'>(1.)</span> <span class='ocrx_word' id='word_1_100' title='bbox 2212 1902 2607 2001; x_wconf 69' lang='lat' dir='ltr'>quidditas</span> <span class='ocrx_word' id='word_1_101' title='bbox 2669 1910 2784 1972; x_wconf 66' lang='lat' dir='ltr'>esi</span> 
     </span>
     <span class='ocr_line' id='line_1_20' title="bbox 713 2015 2785 2113; baseline -0.002 -22"><span class='ocrx_word' id='word_1_102' title='bbox 713 2043 868 2108; x_wconf 83' lang='lat' dir='ltr'>ens,</span> <span class='ocrx_word' id='word_1_103' title='bbox 905 2030 981 2091; x_wconf 89' lang='lat' dir='ltr'>et</span> <span class='ocrx_word' id='word_1_104' title='bbox 1012 2018 1247 2090; x_wconf 86' lang='lat' dir='ltr'>multa</span> <span class='ocrx_word' id='word_1_105' title='bbox 1276 2016 1692 2090; x_wconf 84' lang='lat' dir='ltr'>istiusmodi</span> <span class='ocrx_word' id='word_1_106' title='bbox 1741 2041 1905 2113; x_wconf 84' lang='lat' dir='ltr'>quae</span> <span class='ocrx_word' id='word_1_107' title='bbox 1937 2017 2408 2113; x_wconf 87' lang='lat' dir='ltr'>reperiuntur</span> <span class='ocrx_word' id='word_1_108' title='bbox 2442 2015 2517 2088; x_wconf 91' lang='lat' dir='ltr'>in</span> <span class='ocrx_word' id='word_1_109' title='bbox 2553 2027 2785 2087; x_wconf 83' lang='lat' dir='ltr'>meta-</span> 
     </span>
     <span class='ocr_line' id='line_1_21' title="bbox 712 2127 2787 2228; baseline -0.002 -24"><span class='ocrx_word' id='word_1_110' title='bbox 712 2131 1037 2228; x_wconf 86' lang='lat' dir='ltr'>physicis</span> <span class='ocrx_word' id='word_1_111' title='bbox 1078 2130 1528 2203; x_wconf 85' lang='lat' dir='ltr'>Aristotelis</span> <span class='ocrx_word' id='word_1_112' title='bbox 1555 2160 1584 2215; x_wconf 90' lang='lat'><em>;</em></span> <span class='ocrx_word' id='word_1_113' title='bbox 1658 2131 1829 2203; x_wconf 84' lang='lat' dir='ltr'>item</span> <span class='ocrx_word' id='word_1_114' title='bbox 1872 2129 2298 2203; x_wconf 84' lang='lat' dir='ltr'>intellectus</span> <span class='ocrx_word' id='word_1_115' title='bbox 2334 2129 2532 2227; x_wconf 80' lang='lat' dir='ltr'>agit,</span> <span class='ocrx_word' id='word_1_116' title='bbox 2567 2127 2787 2200; x_wconf 85' lang='lat' dir='ltr'>intel-</span> 
     </span>
     <span class='ocr_line' id='line_1_22' title="bbox 716 2240 2787 2343; baseline -0.002 -26"><span class='ocrx_word' id='word_1_117' title='bbox 716 2245 959 2319; x_wconf 81' lang='lat' dir='ltr'>lectus</span> <span class='ocrx_word' id='word_1_118' title='bbox 981 2244 1378 2343; x_wconf 84' lang='lat' dir='ltr'>intelligit,</span> <span class='ocrx_word' id='word_1_119' title='bbox 1401 2246 1607 2318; x_wconf 86' lang='lat' dir='ltr'>visus</span> <span class='ocrx_word' id='word_1_120' title='bbox 1634 2244 1862 2333; x_wconf 85' lang='lat' dir='ltr'>videt,</span> <span class='ocrx_word' id='word_1_121' title='bbox 1890 2269 2165 2341; x_wconf 82' lang='lat' dir='ltr'>eorpus</span> <span class='ocrx_word' id='word_1_122' title='bbox 2188 2252 2304 2315; x_wconf 90' lang='lat' dir='ltr'>est</span> <span class='ocrx_word' id='word_1_123' title='bbox 2324 2240 2787 2339; x_wconf 76' lang='lat' dir='ltr'>magnitude,</span> 
     </span>
     <span class='ocr_line' id='line_1_23' title="bbox 716 2355 2789 2455; baseline -0.003 -25"><span class='ocrx_word' id='word_1_124' title='bbox 716 2382 993 2455; x_wconf 82' lang='lat' dir='ltr'>corpus</span> <span class='ocrx_word' id='word_1_125' title='bbox 1051 2369 1167 2430; x_wconf 85' lang='lat' dir='ltr'>est</span> <span class='ocrx_word' id='word_1_126' title='bbox 1223 2358 1637 2454; x_wconf 71' lang='lat' dir='ltr'>quantitas,</span> <span class='ocrx_word' id='word_1_127' title='bbox 1695 2382 1975 2455; x_wconf 80' lang='lat' dir='ltr'>eorpus</span> <span class='ocrx_word' id='word_1_128' title='bbox 2026 2366 2145 2429; x_wconf 92' lang='lat' dir='ltr'>est</span> <span class='ocrx_word' id='word_1_129' title='bbox 2206 2355 2567 2441; x_wconf 73' lang='lat' dir='ltr'>extensiO,</span> <span class='ocrx_word' id='word_1_130' title='bbox 2624 2378 2789 2425; x_wconf 87' lang='lat' dir='ltr'>esse</span> 
     </span>
     <span class='ocr_line' id='line_1_24' title="bbox 715 2466 2789 2557; baseline -0.002 -15"><span class='ocrx_word' id='word_1_131' title='bbox 715 2468 1071 2542; x_wconf 78' lang='lat' dir='ltr'>hominem</span> <span class='ocrx_word' id='word_1_132' title='bbox 1123 2480 1238 2542; x_wconf 80' lang='lat' dir='ltr'>est</span> <span class='ocrx_word' id='word_1_133' title='bbox 1285 2469 1517 2557; x_wconf 75' lang='lat' dir='ltr'>home,</span> <span class='ocrx_word' id='word_1_134' title='bbox 1565 2468 1833 2541; x_wconf 84' lang='lat' dir='ltr'><em>albedo</em></span> <span class='ocrx_word' id='word_1_135' title='bbox 1868 2478 1983 2540; x_wconf 87' lang='lat' dir='ltr'>est</span> <span class='ocrx_word' id='word_1_136' title='bbox 2020 2468 2240 2551; x_wconf 85' lang='lat' dir='ltr'>alba,·</span> <span class='ocrx_word' id='word_1_137' title='bbox 2311 2467 2544 2540; x_wconf 87' lang='lat' dir='ltr'>simile</span> <span class='ocrx_word' id='word_1_138' title='bbox 2593 2466 2789 2539; x_wconf 89' lang='lat' dir='ltr'>enim</span> 
     </span>
     <span class='ocr_line' id='line_1_25' title="bbox 713 2579 2790 2679; baseline -0.003 -23"><span class='ocrx_word' id='word_1_139' title='bbox 713 2593 831 2656; x_wconf 86' lang='lat' dir='ltr'>est</span> <span class='ocrx_word' id='word_1_140' title='bbox 863 2609 951 2657; x_wconf 82' lang='lat' dir='ltr'>ac</span> <span class='ocrx_word' id='word_1_141' title='bbox 985 2584 1047 2657; x_wconf 90' lang='lat' dir='ltr'>si</span> <span class='ocrx_word' id='word_1_142' title='bbox 1083 2584 1244 2679; x_wconf 89' lang='lat' dir='ltr'>quis</span> <span class='ocrx_word' id='word_1_143' title='bbox 1280 2583 1559 2656; x_wconf 87' lang='lat' dir='ltr'>diceret</span> <span class='ocrx_word' id='word_1_144' title='bbox 1593 2607 1860 2655; x_wconf 83' lang='lat' dir='ltr'>cursor</span> <span class='ocrx_word' id='word_1_145' title='bbox 1894 2591 2011 2654; x_wconf 79' lang='lat' dir='ltr'>est</span> <span class='ocrx_word' id='word_1_146' title='bbox 2056 2607 2345 2672; x_wconf 84' lang='lat' dir='ltr'>cursus,</span> <span class='ocrx_word' id='word_1_147' title='bbox 2394 2582 2509 2654; x_wconf 87' lang='lat' dir='ltr'>vel</span> <span class='ocrx_word' id='word_1_148' title='bbox 2545 2579 2790 2652; x_wconf 83' lang='lat' dir='ltr'>ambu-</span> 
     </span>
     <span class='ocr_line' id='line_1_26' title="bbox 717 2692 2787 2792; baseline -0.003 -22"><span class='ocrx_word' id='word_1_149' title='bbox 717 2697 907 2770; x_wconf 80' lang='lat' dir='ltr'>latio</span> <span class='ocrx_word' id='word_1_150' title='bbox 959 2696 1314 2786; x_wconf 81' lang='lat' dir='ltr'>ambulat,</span> <span class='ocrx_word' id='word_1_151' title='bbox 1368 2697 1571 2785; x_wconf 80' lang='lat' dir='ltr'>item,</span> <span class='ocrx_word' id='word_1_152' title='bbox 1626 2696 1955 2768; x_wconf 73' lang='lat' dir='ltr'>essentia</span> <span class='ocrx_word' id='word_1_153' title='bbox 2007 2705 2123 2767; x_wconf 87' lang='lat' dir='ltr'>est</span> <span class='ocrx_word' id='word_1_154' title='bbox 2174 2704 2566 2792; x_wconf 80' lang='lat' dir='ltr'>separata,</span> <span class='ocrx_word' id='word_1_155' title='bbox 2619 2692 2787 2766; x_wconf 85' lang='lat' dir='ltr'>sub-</span> 
     </span>
     <span class='ocr_line' id='line_1_27' title="bbox 717 2808 2787 2903; baseline -0.001 -21"><span class='ocrx_word' id='word_1_156' title='bbox 717 2810 1007 2882; x_wconf 87' lang='lat' dir='ltr'>stantia</span> <span class='ocrx_word' id='word_1_157' title='bbox 1042 2819 1156 2881; x_wconf 85' lang='lat' dir='ltr'>est</span> <span class='ocrx_word' id='word_1_158' title='bbox 1193 2808 1613 2894; x_wconf 79' lang='lat' dir='ltr'>abst-taeta,</span> <span class='ocrx_word' id='word_1_159' title='bbox 1659 2820 1881 2903; x_wconf 85' lang='lat' dir='ltr'>atque</span> <span class='ocrx_word' id='word_1_160' title='bbox 1917 2809 2178 2881; x_wconf 88' lang='lat' dir='ltr'>harum</span> <span class='ocrx_word' id='word_1_161' title='bbox 2213 2808 2509 2897; x_wconf 86' lang='lat' dir='ltr'>similes,</span> <span class='ocrx_word' id='word_1_162' title='bbox 2544 2808 2661 2880; x_wconf 87' lang='lat' dir='ltr'>vel</span> <span class='ocrx_word' id='word_1_163' title='bbox 2695 2808 2787 2879; x_wconf 84' lang='lat' dir='ltr'>ab</span> 
     </span>
     <span class='ocr_line' id='line_1_28' title="bbox 716 2920 2790 3019; baseline -0.002 -23"><span class='ocrx_word' id='word_1_164' title='bbox 716 2924 833 2997; x_wconf 87' lang='lat' dir='ltr'>his</span> <span class='ocrx_word' id='word_1_165' title='bbox 848 2923 1196 2996; x_wconf 84' lang='lat' dir='ltr'>derivatae</span> <span class='ocrx_word' id='word_1_166' title='bbox 1225 2922 1568 3019; x_wconf 86' lang='lat' dir='ltr'>(quarum</span> <span class='ocrx_word' id='word_1_167' title='bbox 1595 2921 2061 3018; x_wconf 84' lang='lat' dir='ltr'>philosophia</span> <span class='ocrx_word' id='word_1_168' title='bbox 2071 2921 2478 2994; x_wconf 89' lang='lat' dir='ltr'>communis</span> <span class='ocrx_word' id='word_1_169' title='bbox 2502 2933 2614 2993; x_wconf 90' lang='lat' dir='ltr'>est</span> <span class='ocrx_word' id='word_1_170' title='bbox 2634 2920 2790 3016; x_wconf 89' lang='lat' dir='ltr'>ple-</span> 
     </span>
     <span class='ocr_line' id='line_1_29' title="bbox 719 3031 2791 3131; baseline -0.003 -21"><span class='ocrx_word' id='word_1_171' title='bbox 719 3037 1051 3131; x_wconf 88' lang='lat' dir='ltr'>nissima)</span> <span class='ocrx_word' id='word_1_172' title='bbox 1083 3060 1251 3109; x_wconf 88' lang='lat' dir='ltr'>cum</span> <span class='ocrx_word' id='word_1_173' title='bbox 1279 3036 1475 3108; x_wconf 90' lang='lat' dir='ltr'>enim</span> <span class='ocrx_word' id='word_1_174' title='bbox 1502 3036 1788 3109; x_wconf 87' lang='lat' dir='ltr'>nullum</span> <span class='ocrx_word' id='word_1_175' title='bbox 1816 3036 2229 3131; x_wconf 89' lang='lat' dir='ltr'>subjectum</span> <span class='ocrx_word' id='word_1_176' title='bbox 2250 3033 2676 3121; x_wconf 82' lang='lat' dir='ltr'>accidentis,</span> <span class='ocrx_word' id='word_1_177' title='bbox 2713 3031 2791 3104; x_wconf 87' lang='lat' dir='ltr'>id</span> 
     </span>
     <span class='ocr_line' id='line_1_30' title="bbox 716 3145 2790 3246; baseline -0.003 -22"><span class='ocrx_word' id='word_1_178' title='bbox 716 3162 856 3238; x_wconf 86' lang='lat' dir='ltr'>est,</span> <span class='ocrx_word' id='word_1_179' title='bbox 877 3151 1162 3223; x_wconf 90' lang='lat' dir='ltr'>nullum</span> <span class='ocrx_word' id='word_1_180' title='bbox 1183 3173 1450 3246; x_wconf 89' lang='lat' dir='ltr'>corpus</span> <span class='ocrx_word' id='word_1_181' title='bbox 1475 3162 1589 3223; x_wconf 85' lang='lat' dir='ltr'>est</span> <span class='ocrx_word' id='word_1_182' title='bbox 1613 3149 1979 3238; x_wconf 77' lang='lat' dir='ltr'>accidenS,</span> <span class='ocrx_word' id='word_1_183' title='bbox 2001 3148 2284 3221; x_wconf 90' lang='lat' dir='ltr'>nullum</span> <span class='ocrx_word' id='word_1_184' title='bbox 2306 3170 2575 3220; x_wconf 89' lang='lat' dir='ltr'>nomen</span> <span class='ocrx_word' id='word_1_185' title='bbox 2598 3145 2790 3218; x_wconf 87' lang='lat' dir='ltr'>acci-</span> 
     </span>
     <span class='ocr_line' id='line_1_31' title="bbox 717 3259 2789 3359; baseline -0.003 -23"><span class='ocrx_word' id='word_1_186' title='bbox 717 3263 986 3353; x_wconf 82' lang='lat' dir='ltr'>dentiS,</span> <span class='ocrx_word' id='word_1_187' title='bbox 1026 3263 1342 3359; x_wconf 90' lang='lat' dir='ltr'>corpori,</span> <span class='ocrx_word' id='word_1_188' title='bbox 1367 3286 1608 3357; x_wconf 86' lang='lat' dir='ltr'>neque</span> <span class='ocrx_word' id='word_1_189' title='bbox 1645 3262 1976 3358; x_wconf 91' lang='lat' dir='ltr'>corporis</span> <span class='ocrx_word' id='word_1_190' title='bbox 2010 3260 2376 3334; x_wconf 84' lang='lat' dir='ltr'>accidenti</span> <span class='ocrx_word' id='word_1_191' title='bbox 2398 3259 2789 3332; x_wconf 89' lang='lat' dir='ltr'>tribuetur.</span> 
     </span>
    </p>

    <p class='ocr_par' dir='ltr' id='par_1_13' title="bbox 720 3373 2801 4490">
     <span class='ocr_line' id='line_1_32' title="bbox 818 3373 2791 3472; baseline -0.003 -22"><span class='ocrx_word' id='word_1_192' title='bbox 818 3387 889 3450; x_wconf 85' lang='lat'>4.</span> <span class='ocrx_word' id='word_1_193' title='bbox 945 3376 1285 3450; x_wconf 88' lang='lat' dir='ltr'>Secundo</span> <span class='ocrx_word' id='word_1_194' title='bbox 1325 3375 1547 3448; x_wconf 90' lang='lat' dir='ltr'>modo</span> <span class='ocrx_word' id='word_1_195' title='bbox 1594 3388 1910 3472; x_wconf 86' lang='lat' dir='ltr'>peccant</span> <span class='ocrx_word' id='word_1_196' title='bbox 1950 3375 2492 3471; x_wconf 88' lang='lat' dir='ltr'>propositiones</span> <span class='ocrx_word' id='word_1_197' title='bbox 2539 3373 2791 3468; x_wconf 89' lang='lat' dir='ltr'>hujus-</span> 
     </span>
     <span class='ocr_line' id='line_1_33' title="bbox 720 3484 2790 3587; baseline -0.002 -25"><span class='ocrx_word' id='word_1_198' title='bbox 720 3490 943 3579; x_wconf 90' lang='lat' dir='ltr'>modi,</span> <span class='ocrx_word' id='word_1_199' title='bbox 999 3499 1376 3587; x_wconf 76' lang='lat' dir='ltr'>spectrum</span> <span class='ocrx_word' id='word_1_200' title='bbox 1431 3499 1546 3561; x_wconf 85' lang='lat' dir='ltr'>est</span> <span class='ocrx_word' id='word_1_201' title='bbox 1602 3514 1903 3586; x_wconf 80' lang='lat' dir='ltr'>eorpus,</span> <span class='ocrx_word' id='word_1_202' title='bbox 1954 3486 2076 3559; x_wconf 85' lang='lat' dir='ltr'>vel</span> <span class='ocrx_word' id='word_1_203' title='bbox 2125 3486 2474 3583; x_wconf 72' lang='lat' dir='ltr'>spiritus‘,</span> <span class='ocrx_word' id='word_1_204' title='bbox 2522 3484 2601 3557; x_wconf 89' lang='lat' dir='ltr'>id</span> <span class='ocrx_word' id='word_1_205' title='bbox 2655 3497 2790 3572; x_wconf 88' lang='lat' dir='ltr'>est,</span> 
     </span>
     <span class='ocr_line' id='line_1_34' title="bbox 722 3597 2792 3699; baseline -0.005 -22"><span class='ocrx_word' id='word_1_206' title='bbox 722 3627 988 3699; x_wconf 89' lang='lat' dir='ltr'>corpus</span> <span class='ocrx_word' id='word_1_207' title='bbox 1057 3614 1303 3675; x_wconf 88' lang='lat' dir='ltr'>tenue.</span> <span class='ocrx_word' id='word_1_208' title='bbox 1433 3601 1745 3698; x_wconf 83' lang='lat' dir='ltr'>Species</span> <span class='ocrx_word' id='word_1_209' title='bbox 1811 3599 2206 3672; x_wconf 69' lang='lat' dir='ltr'>sensibiles</span> <span class='ocrx_word' id='word_1_210' title='bbox 2265 3597 2584 3670; x_wconf 82' lang='lat' dir='ltr'>volitant</span> <span class='ocrx_word' id='word_1_211' title='bbox 2640 3622 2792 3694; x_wconf 81' lang='lat' dir='ltr'>per</span> 
     </span>
     <span class='ocr_line' id='line_1_35' title="bbox 722 3711 2794 3810; baseline -0.002 -22"><span class='ocrx_word' id='word_1_212' title='bbox 722 3740 994 3802; x_wconf 86' lang='lat' dir='ltr'>aerem,</span> <span class='ocrx_word' id='word_1_213' title='bbox 1054 3716 1224 3805; x_wconf 93' lang='lat' dir='ltr'>huc,</span> <span class='ocrx_word' id='word_1_214' title='bbox 1288 3715 1462 3787; x_wconf 91' lang='lat' dir='ltr'>illuc</span> <span class='ocrx_word' id='word_1_215' title='bbox 1531 3723 1933 3802; x_wconf 84' lang='lat' dir='ltr'>moventur,</span> <span class='ocrx_word' id='word_1_216' title='bbox 1996 3712 2190 3809; x_wconf 91' lang='lat' dir='ltr'>quod</span> <span class='ocrx_word' id='word_1_217' title='bbox 2245 3711 2625 3810; x_wconf 89' lang='lat' dir='ltr'>proprium</span> <span class='ocrx_word' id='word_1_218' title='bbox 2680 3724 2794 3784; x_wconf 90' lang='lat' dir='ltr'>est</span> 
     </span>
     <span class='ocr_line' id='line_1_36' title="bbox 724 3826 2791 3925; baseline -0.003 -23"><span class='ocrx_word' id='word_1_219' title='bbox 724 3853 1138 3925; x_wconf 90' lang='lat' dir='ltr'>corporum.</span> <span class='ocrx_word' id='word_1_220' title='bbox 1241 3829 1431 3901; x_wconf 91' lang='lat' dir='ltr'>Item</span> <span class='ocrx_word' id='word_1_221' title='bbox 1483 3826 1741 3899; x_wconf 84' lang='lat' dir='ltr'>umbra</span> <span class='ocrx_word' id='word_1_222' title='bbox 1792 3837 2142 3916; x_wconf 83' lang='lat' dir='ltr'>movetur,</span> <span class='ocrx_word' id='word_1_223' title='bbox 2199 3826 2311 3899; x_wconf 89' lang='lat' dir='ltr'>vel</span> <span class='ocrx_word' id='word_1_224' title='bbox 2353 3836 2466 3897; x_wconf 88' lang='lat' dir='ltr'>est</span> <span class='ocrx_word' id='word_1_225' title='bbox 2500 3847 2791 3920; x_wconf 91' lang='lat' dir='ltr'>corpus.</span> 
     </span>
     <span class='ocr_line' id='line_1_37' title="bbox 726 3937 2795 4035; baseline -0.002 -22"><span class='ocrx_word' id='word_1_226' title='bbox 726 3942 1004 4013; x_wconf 81' lang='lat' dir='ltr'>Lumen</span> <span class='ocrx_word' id='word_1_227' title='bbox 1039 3951 1388 4031; x_wconf 83' lang='lat' dir='ltr'>movetur,</span> <span class='ocrx_word' id='word_1_228' title='bbox 1438 3940 1551 4013; x_wconf 89' lang='lat' dir='ltr'>vel</span> <span class='ocrx_word' id='word_1_229' title='bbox 1586 3951 1701 4014; x_wconf 88' lang='lat' dir='ltr'>est</span> <span class='ocrx_word' id='word_1_230' title='bbox 1736 3964 2023 4035; x_wconf 91' lang='lat' dir='ltr'>corpus.</span> <span class='ocrx_word' id='word_1_231' title='bbox 2135 3938 2362 4011; x_wconf 82' lang='lat' dir='ltr'>Color</span> <span class='ocrx_word' id='word_1_232' title='bbox 2397 3947 2514 4010; x_wconf 84' lang='lat' dir='ltr'>est</span> <span class='ocrx_word' id='word_1_233' title='bbox 2549 3937 2795 4033; x_wconf 81' lang='lat' dir='ltr'>objec-</span> 
     </span>
     <span class='ocr_line' id='line_1_38' title="bbox 726 4051 2797 4150; baseline -0.002 -24"><span class='ocrx_word' id='word_1_234' title='bbox 726 4064 877 4126; x_wconf 82' lang='lat' dir='ltr'>tum</span> <span class='ocrx_word' id='word_1_235' title='bbox 912 4054 1246 4144; x_wconf 88' lang='lat' dir='ltr'>visionis,</span> <span class='ocrx_word' id='word_1_236' title='bbox 1291 4079 1514 4126; x_wconf 82' lang='lat' dir='ltr'>sonus</span> <span class='ocrx_word' id='word_1_237' title='bbox 1548 4054 1963 4126; x_wconf 80' lang='lat' dir='ltr'>auditionis</span> <span class='ocrx_word' id='word_1_238' title='bbox 1986 4083 2013 4138; x_wconf 92' lang='lat'>,·</span> <span class='ocrx_word' id='word_1_239' title='bbox 2082 4053 2411 4150; x_wconf 81' lang='lat' dir='ltr'>spatium</span> <span class='ocrx_word' id='word_1_240' title='bbox 2439 4051 2559 4125; x_wconf 79' lang='lat' dir='ltr'>vel</span> <span class='ocrx_word' id='word_1_241' title='bbox 2590 4051 2797 4123; x_wconf 78' lang='lat' dir='ltr'>loeus</span> 
     </span>
     <span class='ocr_line' id='line_1_39' title="bbox 726 4166 2797 4264; baseline -0 -26"><span class='ocrx_word' id='word_1_242' title='bbox 726 4176 843 4239; x_wconf 75' lang='lat' dir='ltr'>est</span> <span class='ocrx_word' id='word_1_243' title='bbox 903 4191 1030 4239; x_wconf 84' lang='lat' dir='ltr'>res</span> <span class='ocrx_word' id='word_1_244' title='bbox 1086 4177 1421 4257; x_wconf 76' lang='lat' dir='ltr'>extensa,</span> <span class='ocrx_word' id='word_1_245' title='bbox 1484 4167 1793 4264; x_wconf 83' lang='lat' dir='ltr'>aliaeque</span> <span class='ocrx_word' id='word_1_246' title='bbox 1859 4166 2280 4264; x_wconf 83' lang='lat' dir='ltr'>hujusmodi</span> <span class='ocrx_word' id='word_1_247' title='bbox 2341 4166 2797 4246; x_wconf 85' lang='lat' dir='ltr'>innumerae;</span> 
     </span>
     <span class='ocr_line' id='line_1_40' title="bbox 729 4278 2800 4378; baseline -0.002 -25"><span class='ocrx_word' id='word_1_248' title='bbox 729 4304 899 4353; x_wconf 92' lang='lat' dir='ltr'>cum</span> <span class='ocrx_word' id='word_1_249' title='bbox 945 4280 1140 4353; x_wconf 90' lang='lat' dir='ltr'>enim</span> <span class='ocrx_word' id='word_1_250' title='bbox 1186 4293 1500 4378; x_wconf 84' lang='lat' dir='ltr'>spectra,</span> <span class='ocrx_word' id='word_1_251' title='bbox 1558 4281 1839 4377; x_wconf 90' lang='lat' dir='ltr'>species</span> <span class='ocrx_word' id='word_1_252' title='bbox 1883 4280 2230 4368; x_wconf 81' lang='lat' dir='ltr'>visibileS,</span> <span class='ocrx_word' id='word_1_253' title='bbox 2275 4280 2462 4368; x_wconf 90' lang='lat' dir='ltr'>soni,</span> <span class='ocrx_word' id='word_1_254' title='bbox 2517 4278 2800 4360; x_wconf 87' lang='lat' dir='ltr'>umbra,</span> 
     </span>
     <span class='ocr_line' id='line_1_41' title="bbox 727 4391 2801 4490; baseline -0.002 -23"><span class='ocrx_word' id='word_1_255' title='bbox 727 4394 877 4483; x_wconf 86' lang='lat' dir='ltr'>lux,</span> <span class='ocrx_word' id='word_1_256' title='bbox 933 4393 1158 4483; x_wconf 88' lang='lat' dir='ltr'>color,</span> <span class='ocrx_word' id='word_1_257' title='bbox 1214 4394 1554 4490; x_wconf 88' lang='lat' dir='ltr'>spatium,</span> <span class='ocrx_word' id='word_1_258' title='bbox 1611 4395 1737 4467; x_wconf 84' lang='lat' dir='ltr'>&amp;c.</span> <span class='ocrx_word' id='word_1_259' title='bbox 1793 4392 2329 4467; x_wconf 86' lang='lat' dir='ltr'>somniantibus</span> <span class='ocrx_word' id='word_1_260' title='bbox 2373 4415 2523 4465; x_wconf 92' lang='lat' dir='ltr'>non</span> <span class='ocrx_word' id='word_1_261' title='bbox 2559 4391 2801 4463; x_wconf 91' lang='lat' dir='ltr'>minus</span> 
     </span>
    </p>
   </div>
  </div>
 </body>
</html>
