3182 5102
956 506 1124 551 vrrAE
1150 506 1513 551 nonmmffi
1544 507 1966 552 AUCTARIUM.
2337 485 2538 548 xxxiii

376 671 512 739 illos
548 672 851 760 Princeps
883 672 1142 751 walliae,
1174 695 1343 738 nunc
1377 672 1519 737 Rex
1546 674 1837 759 optimus,
1890 672 2152 737 Carolus
2189 670 2533 736 Secundus.
2599 760 2619 776 ·

381 808 674 873 Hobbius
716 809 929 897 itaque
976 832 1202 897 magna
1246 809 1431 875 famae
1477 809 1837 875 celebritate
1867 823 1998 873 tum
2028 808 2197 895 apud
2224 830 2367 872 suos
2397 822 2531 870 tum

376 959 626 1010 exteros
684 946 1177 1023 florentissimus,
1237 969 1276 1009 a
1335 946 1731 1033 magnatibus
1804 944 2178 1032 quibusdam
2254 944 2534 1029 Principi

378 1082 847 1147 commendatus
896 1097 1009 1159 est,
1070 1095 1142 1146 ut
1192 1081 1689 1146 mathematicam
1742 1081 1856 1166 ipsi
1909 1079 2296 1167 praelegeret.
2385 1078 2534 1153 Quo

380 1241 638 1282 munere
666 1240 897 1305 magno
924 1240 1067 1282 cum
1088 1216 1327 1303 judicio
1356 1216 1737 1302 perfunctus,
1776 1238 1912 1280 eam
1947 1215 2291 1280 matheseos
2319 1214 2536 1301 cogni-

381 1353 628 1418 tionem.
658 1353 985 1439 impressit,
1039 1375 1227 1440 quam
1264 1353 1450 1418 hodie
1480 1353 1543 1416 in
1577 1367 1750 1416 tanto
1802 1351 2094 1439 Principe
2143 1351 2532 1416 admirantur

376 1511 612 1566 omnes,
661 1488 942 1577 adeoque
970 1491 1221 1576 placuit,
1274 1504 1345 1555 ut
1388 1490 1555 1576 apud
1608 1490 1808 1576 ipsum
1863 1491 2071 1577 regnis
2122 1490 2533 1555 haereditariis

374 1626 733 1690 restitutum
803 1627 1074 1691 maxima
1129 1649 1372 1713 semper
1427 1627 1711 1691 floruerit
1777 1627 1998 1713 gratia,
2074 1650 2285 1691 annuo
2342 1628 2531 1691 etiam

378 1763 711 1827 honorario
736 1783 1010 1827 ornatus·
1102 1762 1218 1827 Illo
1271 1778 1547 1850 tempore
1603 1763 1853 1828 Samuel
1912 1762 2280 1839 Sorbierius‚
2339 1761 2529 1827 M.D.

375 1899 713 1964 doctissimi
770 1899 1073 1963 Samuelis
1108 1898 1295 1963 Petiti
1326 1907 1553 1986 nepos‚'
1583 1901 1650 1963 in
1685 1899 2089 1963 Hollandiam
2118 1896 2527 1983 profecturus,

374 2034 696 2121 exemplar
721 2033 868 2100 libri
898 2039 1001 2101 De
1034 2039 1184 2101 Cive
1211 2034 1431 2100 ultima
1457 2035 1736 2101 authoris
1767 2058 1957 2099 manu
2004 2033 2292 2098 limatum
2338 2032 2533 2118 impe-

378 2185 667 2248 traverat,
721 2194 906 2258 quem
954 2171 1093 2236 ideo
1143 2170 1501 2237 Gasseudus
1529 2187 1595 2236 et
1631 2171 2004 2236 Mersennus
2049 2170 2247 2235 missis
2284 2168 2533 2235 duobus

375 2307 671 2393 epistoliis
721 2306 1081 2383 laudabant,
1134 2321 1196 2370 et
1244 2307 1393 2372 boni
1442 2306 1675 2393 publici
1723 2329 1908 2371 causa
1953 2321 2026 2371 ut
2069 2306 2229 2392 typis
2282 2305 2534 2391 optimis

375 2443 812 2519 committeret,
844 2442 1224 2519 incitabant;
1269 2466 1411 2530 quae
1457 2443 1558 2508 hic
1606 2442 1724 2509 loci
1771 2443 2138 2507 interserere
2169 2465 2293 2506 non
2326 2442 2436 2508 abs
2464 2464 2533 2507 re

375 2579 650 2644 alienum
673 2580 909 2664 judico,

448 2872 772 2916 cassatim
806 2872 1144 2928 εΡιεΤοιΑ,
1201 2860 1241 2891 “
1262 2873 1725 2919 PER-Enunrro
1757 2875 1837 2918 Ac
1883 2874 2254 2918 PER-Ammo
2289 2872 2445 2915 vnto

707 2984 1000 3029 samm-:m
1035 2985 1367 3029 sommam
1401 2986 1655 3030 paruus
1686 2986 2064 3030 oasssnnus
2102 2965 2191 3028 S.’'

466 3132 509 3163 “
534 3124 720 3200 Quod
753 3125 1104 3211 epistolium
1125 3125 1207 3190 ad
1228 3148 1344 3202 me,
1380 3125 1597 3191 Caleto
1630 3126 1765 3190 vela
1795 3149 1940 3192 mox
1970 3126 2261 3200 facturus,
2288 3121 2532 3199 dedisti,

377 3261 610 3345 accepi.
722 3260 897 3324 Nihil
955 3284 1110 3347 opus
1168 3261 1286 3326 fuit
1343 3285 1660 3339 excusare,
1722 3262 1891 3349 quod
1950 3261 2084 3326 vale
2141 3281 2347 3325 coram
2406 3280 2533 3321 non

376 3394 651 3472 dixeris3
697 3418 840 3459 nam
870 3396 1206 3482 praeclarus
1237 3412 1447 3462 noster
1480 3396 1812 3462 Martellus
1840 3413 1936 3462 sat
1963 3396 2316 3474 declaravit,
2344 3418 2534 3482 quam

378 3531 712 3617 improvisa
761 3509 1122 3597 discedendi
1173 3533 1409 3599 occasio
1459 3534 1665 3611 suerit,
1718 3552 1782 3598 et
1818 3555 2009 3622 quam
2054 3532 2405 3619 requisieris
2433 3553 2534 3595 me

378 3682 614 3743 tamen,
664 3681 984 3754 utcunque
1032 3690 1159 3734 non
1208 3669 1513 3734 adfuerim
1567 3669 1756 3735 domi.
1846 3668 2033 3744 Quod
2085 3667 2262 3733 addis
2302 3681 2534 3744 tamen,

376 3806 655 3891 potuisse
694 3819 756 3869 te
794 3819 941 3868 ante
986 3803 1319 3870 discessum
1365 3821 1740 3893 extorquere
1767 3805 1848 3870 ab
1878 3806 2110 3871 eximio
2139 3804 2245 3870 illo
2276 3802 2536 3869 Hobbio

378 3941 444 4006 id
473 3941 834 4026 exemplum
862 3940 1005 4005 libri
1036 3945 1138 4007 De
1170 3945 1336 4018 Cive,
1376 3941 1477 4006 cui
1509 3942 1638 4028 ipse
1668 3964 1856 4006 manu
1885 3942 2134 4029 propria
2164 3938 2534 4026 marginales

378 4094 562 4143 notas
588 4077 896 4164 apposuit,
940 4093 1012 4140 ut
1041 4099 1184 4142 cum
1215 4079 1391 4155 istuc,
1424 4079 1533 4144 ubi
1564 4094 1626 4144 te
1655 4101 1848 4145 voveo
1877 4078 2270 4153 incolumem,
2317 4098 2532 4162 perve-

376 4213 569 4290 neris,
621 4213 725 4277 edi
768 4213 990 4278 iterato
1038 4235 1349 4298 procures,
1396 4214 1461 4278 id
1489 4238 1881 4302 summopere
1908 4214 2251 4280 delectavit.
2340 4211 2534 4275 Vide-

376 4351 549 4429 licet,
602 4364 730 4415 tam
777 4373 977 4437 pauca
1021 4350 1197 4416 fuere
1245 4374 1473 4417 excusa
1519 4352 1665 4417 libri
1717 4350 2114 4437 exemplaria,
2164 4362 2235 4413 ut
2284 4346 2389 4411 illa
2436 4346 2533 4410 sui

375 4489 550 4555 sitim
581 4490 786 4575 potius
824 4488 1104 4568 fecerint,
1154 4512 1343 4577 quam
1370 4487 1795 4575 expleverint3
1840 4486 2146 4574 siquidem
2175 4486 2533 4548 innumeros

558 4644 709 4689 vor„
744 4645 786 4687 1.
2242 4625 2287 4685 d
