3182 5102
604 535 683 576 XC
1371 531 1524 575 VITA
1555 531 1705 575 Tuo.
1739 531 2025 576 HOBBES·

774 698 902 763 Hic
930 720 1049 784 ego
1084 696 1501 761 Mersennum
1530 698 1696 773 novi,
1722 698 2115 762 communico
2137 713 2202 761 et
2232 698 2319 761 illi

856 833 960 897 De
988 855 1202 897 rerum
1230 847 1407 898 motu
1436 857 1582 921 quae
1614 833 1948 898 meditatus
1977 856 2171 899 eram.

771 971 834 1036 Is
861 971 1105 1057 probat,
1137 984 1204 1035 et
1230 970 1442 1036 multis
1471 971 1909 1048 commendat;
1956 985 2236 1058 tempore
2263 973 2346 1037 ab
2375 972 2484 1037 illo

856 1107 1032 1171 Inter
1060 1107 1459 1193 philosophos
1488 1124 1554 1172 et
1581 1108 1962 1172 numerabar
1990 1130 2127 1195 ego,

770 1244 847 1308 In
877 1244 1142 1330 patriam
1174 1266 1388 1308 rursus
1417 1260 1559 1330 post
1586 1266 1830 1309 menses
1858 1259 2000 1309 octo
2030 1267 2335 1321 reversus,

852 1381 955 1445 De
983 1379 1428 1445 connectendis
1455 1381 1664 1467 cogito
1693 1381 1950 1445 notitiis.

769 1517 1055 1583 Motibus
1082 1541 1122 1581 a
1149 1517 1334 1582 variis
1363 1516 1528 1582 feror
1557 1517 1642 1581 ad
1670 1540 1880 1581 rerum
1912 1517 2226 1582 variarum

850 1655 1198 1720 Dissimiles
1227 1656 1478 1741 species,
1512 1656 1918 1742 materiaeque
1947 1654 2164 1733 dolos;

764 1792 1110 1879 Motusque
1138 1792 1417 1857 internos
1447 1792 1794 1870 hominum,
1826 1791 2157 1879 cordisque
2186 1791 2456 1855 latebras
2490 1814 2505 1853 :

847 1929 1145 2016 Denique
1172 1928 1256 1992 ad
1285 1929 1531 2015 imperii
1553 1929 1949 2017 justitiaeque
1976 1930 2163 1995 bona.

763 2064 885 2129 His
913 2087 1032 2151 ego
1062 2087 1164 2128 me
1193 2064 1379 2128 mersi
1409 2064 1652 2130 studiis.
1746 2064 1913 2129 Nam
1941 2064 2421 2151 philosophandi

849 2201 1110 2286 Corpus,
1145 2199 1379 2277 Homo,
1412 2199 1584 2264 Civis
1614 2200 1895 2264 continet
1922 2222 2109 2264 omne
2136 2222 2355 2287 genus.

762 2336 924 2401 Tres
952 2358 1137 2422 super
1169 2335 1264 2399 his
1293 2336 1481 2400 rebus
1509 2349 1716 2399 statuo
1744 2335 2137 2401 conscribere
2164 2336 2397 2415 libros3

845 2471 1310 2560 Materiemque
1338 2471 1493 2535 mihi
1526 2494 1799 2559 congero
1829 2494 2080 2560 quoque
2108 2472 2229 2538 die.

761 2610 1055 2676 Nascitur
1084 2610 1325 2674 interea
1353 2610 1552 2675 scelus
1580 2610 1933 2676 execrabile
1963 2610 2132 2689 belli,

846 2747 932 2811 Et
960 2749 1222 2812 veniunt
1248 2746 1469 2812 studiis
1500 2762 1784 2834 tempora
1811 2748 2029 2834 iniqua
2057 2749 2229 2812 meis·

763 2885 1264 2950 Sexcentesimus
1293 2898 1357 2949 et
1376 2885 1510 2971 jam
1541 2884 2058 2972 quadragesimus
2087 2907 2289 2949 annus

845 3023 997 3088 Post
1025 3022 1422 3086 millesimum
1453 3035 1590 3086 erat
1618 3021 1877 3108 virginis
1904 3043 1943 3086 a
1971 3044 2186 3107 puer0,

759 3161 925 3226 Cum
954 3160 1219 3247 patriam
1250 3159 1477 3223 invasit
1504 3159 1762 3223 morbus
1791 3158 2114 3237 mirabilis,
2161 3158 2332 3223 unde

844 3296 1171 3362 Innumeri
1199 3319 1235 3360 e
1264 3295 1463 3361 doctis
1491 3277 1633 3382 post
1662 3297 1904 3382 periere
1934 3297 2071 3361 viri.

759 3434 906 3511 Quo
935 3435 1295 3522 quicunque
1324 3430 1445 3498 fiiit
1474 3449 1693 3511 tactus,
1725 3433 1939 3500 divina
1966 3436 2231 3521 putabat

843 3572 1056 3658 Atque
1085 3571 1361 3636 humana
1391 3570 1501 3632 uni
1530 3570 1783 3655 cognita
1798 3570 1948 3656 jura
1974 3571 2117 3635 sibi.

752 3706 1019 3793 Jamque
1046 3707 1112 3771 in
1141 3707 1466 3792 procinctu
1495 3704 1735 3770 bellum
1765 3707 1955 3771 stetit.
2048 3706 2301 3772 Horreo
2328 3720 2647 3793 spectans;

841 3841 1080 3928 Meque
1107 3841 1191 3905 ad
1217 3841 1507 3907 dilectam
1538 3843 1792 3908 confero
1824 3843 2165 3908 Lutetiam.

754 3982 1029 4068 Postque
1056 3979 1214 4044 duos
1239 4002 1436 4044 annos
1465 3979 1585 4044 edo
1616 3984 1719 4046 De
1749 3983 1898 4047 Cive
1924 3979 2227 4057 libellum,

838 4115 968 4192 Qui
996 4114 1230 4201 placuit
1257 4113 1478 4196 docti3‚
1507 4130 1571 4180 et
1601 4138 1797 4180 novus
1826 4116 2029 4181 omnis
2057 4129 2193 4180 erat
2220 4140 2237 4192 ;

750 4253 983 4316 Versus
1013 4251 1163 4314 etin
1195 4252 1394 4316 varias
1423 4251 1671 4338 linguas
1700 4274 1844 4317 cum
1872 4250 2058 4316 laude
2086 4250 2361 4338 legebar,

837 4387 1151 4452 Gentibus
1179 4401 1244 4450 et
1272 4386 1397 4451 late
1426 4389 1683 4454 nomine
1712 4403 1897 4453 notus
1925 4409 2117 4452 eram.
