3182 5102
1138 545 1292 588 vrrA
1320 544 1479 590 Tuo,
1517 544 1800 588 nonnas·
2447 525 2562 587 xxi

383 721 654 775 mentem
692 708 910 788 subiit,
956 710 1127 798 quod
1155 710 1207 775 si
1250 733 1351 775 res
1378 732 1696 797 corporeae
1740 724 1805 774 et
1833 730 2048 773 earum
2091 724 2300 795 partes
2342 732 2559 775 omnes

380 844 912 932 conquiescerent,
943 859 1055 910 aut
1083 858 1259 910 motu
1290 843 1479 910 simili
1511 865 1757 929 semper
1786 858 2207 920 moverentur,
2239 844 2559 909 sublatum

380 979 455 1042 iri
505 1003 720 1045 rerum
765 981 1051 1046 omnium
1102 981 1457 1057 discrimen,
1519 994 1584 1044 et
1646 983 1786 1066 (per
1832 981 2246 1068 consequens)
2302 1004 2555 1046 omnem

376 1117 764 1195 sensionem3
808 1132 874 1182 et
901 1131 1232 1204 propterea
1265 1118 1541 1183 Causam
1569 1120 1852 1183 omnium
1893 1139 2106 1181 rerum
2151 1122 2558 1204 quaerendam

374 1275 508 1318 esse
549 1258 620 1318 in
672 1258 1035 1321 diversitate
1074 1264 1379 1319 motuum.
1470 1252 1686 1338 Atque
1736 1252 1854 1316 hoc
1905 1252 2212 1339 principio
2265 1276 2412 1318 usus
2465 1269 2559 1319 est

373 1389 602 1475 primo.
692 1389 944 1454 Deinde
973 1403 1046 1453 ut
1066 1402 1473 1476 cognosceret
1500 1388 1829 1453 varietates
1859 1402 1923 1452 et
1951 1389 2223 1454 rationes
2245 1405 2552 1469 motuum,

373 1525 455 1590 ad
505 1525 915 1613 geometriam
958 1525 1338 1613 cogebatur3
1384 1543 1449 1589 et
1475 1547 1515 1589 a
1557 1524 1879 1611 principiis
1922 1524 2066 1601 suia,
2122 1525 2375 1609 ingenio
2419 1549 2553 1604 sun,

372 1662 769 1728 theoremata
812 1662 938 1741 illa,
995 1686 1140 1751 quae
1191 1686 1380 1750 supra
1431 1662 1934 1739 commemoravi,-
1985 1661 2249 1726 feliciter
2294 1663 2555 1728 demon-

368 1798 616 1864 stravit.
713 1798 1000 1864 Tantum
1051 1801 1310 1865 interest
1362 1800 1525 1864 inter
1578 1798 1735 1876 illua,
1783 1798 1892 1886 qui
1927 1798 2181 1884 proprio
2222 1800 2430 1885 genio,
2489 1814 2555 1866 et

369 1933 536 2011 illos,
582 1935 692 2022 qui
731 1934 797 1998 in
852 1935 1117 2000 archivis
1167 1950 1472 2013 veterum,
1519 1950 1632 2000 aut
1676 1935 1759 1999 ad
1809 1947 2124 2021 quaestum
2170 1932 2552 2012 docentium,

367 2073 778 2137 scientiarum
808 2073 1132 2139 veritatem
1163 2087 1480 2162 quaerunt.

454 2208 546 2272 In
566 2208 892 2296 colloquiis
912 2209 1321 2275 familiaribus
1331 2209 1656 2296 jucundus
1674 2224 1828 2287 erat,
1843 2223 2267 2296 praeterquam
2278 2207 2548 2287 illorum,

367 2345 477 2432 qui
530 2343 615 2408 ad
650 2343 826 2409 illum
859 2359 1169 2410 venerunt
1212 2344 1574 2431 disputandi
1604 2368 1791 2410 causa
1818 2358 2037 2409 contra
2081 2367 2174 2421 ea,
2228 2367 2372 2432 quae
2415 2345 2551 2430 jam

364 2482 660 2546 ediderat
695 2485 840 2568 (nec
869 2482 1145 2547 revocari
1175 2483 1493 2569 poterant)
1545 2486 1647 2548 De
1672 2486 1840 2548 Jure
1867 2503 2252 2545 summarum
2281 2494 2552 2568 potesta-

366 2632 503 2681 tum
570 2616 735 2681 civili
793 2631 904 2681 aut
970 2617 1397 2682 ecclesiastico.
1519 2617 1686 2682 Nam
1742 2640 1888 2683 cum
1959 2618 2055 2683 his
2121 2618 2551 2683 vehementius

360 2754 714 2843 aliquando
743 2754 1123 2841 disputabat,
1153 2778 1343 2842 quam
1373 2770 1510 2820 erat
1538 2756 1974 2821 necessarium.

450 2889 854 2955 Naturaliter
910 2904 1161 2978 apertus
1215 2905 1368 2969 erat,
1419 2904 1484 2955 et
1531 2891 1697 2955 inter
1744 2890 2127 2955 adversarios
2177 2890 2314 2977 (qui
2368 2889 2550 2954 multi

359 3041 786 3114 potentesque
816 3027 1023 3108 erant)
1062 3026 1421 3091 innocentia
1442 3026 1664 3114 magi5‚
1686 3049 1878 3114 quam
1906 3025 2162 3091 consilio
2186 3039 2380 3091 tutus.

442 3164 489 3229 J
492 3164 735 3229 ustitiae
787 3177 924 3228 erat
967 3185 1114 3228 cum
1168 3163 1630 3239 scientissimuS,
1684 3176 1822 3226 tum
1879 3159 2322 3225 tenacissimus.
2412 3157 2549 3223 Nec

356 3301 625 3377 mirum,
667 3322 811 3364 curn
842 3315 1003 3365 esset
1029 3299 1314 3386 pecuniae
1343 3297 1933 3386 negligentissimus,
1979 3311 2044 3361 et
2085 3318 2199 3382 pro
2244 3296 2548 3361 tenuitate

355 3438 774 3502 fortunarum
802 3456 1077 3513 suarum,
1134 3435 1299 3501 ultra
1343 3434 1605 3500 modum
1647 3433 2005 3509 beneficus;
2065 3431 2194 3509 sed,
2236 3433 2544 3520 'beneficio

352 3589 788 3662 patronorum
845 3594 1100 3637 suorum
1159 3587 1224 3637 et
1279 3574 1444 3660 regis
1501 3572 1722 3658 optimi
1793 3570 2258 3657 dulcissimique
2332 3570 2544 3636 Caroli

356 3708 675 3786 Secundi,
706 3707 856 3774 satis
882 3708 1128 3795 copiose
1147 3731 1340 3774 senex
1368 3709 1544 3774 vixit.
