3182 5102
360 691 535 741 PARS
559 691 602 741 1.

467 758 510 805 1.

704 478 750 542 2
1178 490 1709 544 coMPUTATm
1750 492 1937 543 swa
1979 492 2303 544 LOGICA.

705 669 1019 767 arreptis
1084 670 1372 760 imbuti,
1439 681 1796 767 tanquam
1859 695 2120 768 parum
2186 670 2346 744 sani
2412 681 2774 768 perpetuo

709 784 1111 880 disputant,
1181 797 1257 857 et
1315 784 1674 857 rixantur.
1788 784 2054 858 Fateor
2123 784 2421 881 quidem
2485 796 2775 880 partem

705 896 1189 994 philosophiae
1212 922 1397 987 eam,
1434 897 1512 969 in
1533 921 1681 993 qua
1698 897 2316 995 magnitudinum,
2335 900 2775 994 figurarum-

708 1036 851 1108 que
909 1011 1233 1084 rationes
1300 1023 1818 1107 supputantur,
1888 1011 2182 1108 egregie
2250 1011 2526 1085 cultam
2590 1033 2773 1084 esse.

678 1124 1075 1198 ·Caeterum
1110 1124 1285 1220 quia
1315 1123 1393 1196 in
1426 1123 1729 1221 reliquis
1762 1124 2096 1221 partibus
2130 1124 2442 1197 similem
2474 1146 2773 1221 operam

704 1238 1024 1335 positam
1044 1237 1372 1310 nondum
1392 1237 1567 1326 vidi,
1600 1238 1987 1311 consilium
2008 1238 2200 1327 ineo,
2223 1237 2465 1334 quoad
2486 1250 2772 1333 potero,

704 1349 1189 1447 philosophiae
1248 1349 1610 1422 universae
1667 1374 1907 1446 pauca
1955 1361 2033 1423 et
2088 1351 2328 1447 prima
2388 1350 2774 1437 elementa,

709 1476 1058 1560 tanquam
1115 1463 1395 1536 semina
1447 1462 1783 1560 quaedam
1819 1489 1910 1537 ex
1945 1465 2209 1560 quibus
2262 1488 2451 1561 pura
2483 1476 2561 1536 et
2598 1487 2777 1536 vera

705 1576 1172 1673 philosophia
1189 1574 1544 1671 paulatim
1565 1577 1812 1650 enasci
1832 1600 2048 1673 posse
2067 1576 2362 1651 videtur
2384 1576 2772 1672 explicare.

810 1690 1053 1765 Quam
1104 1689 1397 1762 difficile
1450 1689 1548 1762 sit
1609 1690 2079 1778 inveterataS,
2140 1689 2775 1786 eloquentissimo-

706 1826 1016 1900 rumque
1068 1802 1510 1898 scriptorum
1545 1802 1997 1877 authoritate
2034 1804 2502 1876 confirmatas
2538 1802 2775 1899 opini-

707 1940 886 1990 ones
948 1916 1315 1989 mentibus
1382 1915 1765 1990 hominum
1831 1928 2200 2005 excutere,
2268 1940 2421 1990 non
2480 1916 2773 2012 ignoro.

705 2029 1123 2102 Praesertim
1158 2052 1327 2102 cum
1364 2029 1831 2126 philosophia
1869 2054 2046 2102 vera
2100 2029 2207 2122 (id
2244 2042 2358 2103 est
2391 2032 2768 2123 accurata)

706 2142 1062 2216 orationis
1097 2166 1249 2216 non
1282 2142 1504 2215 modo
1537 2142 1812 2233 fucum,
1874 2144 2007 2216 sed
2056 2146 2280 2217 etiam
2331 2143 2580 2216 omnia
2617 2143 2775 2216 fere

706 2267 1142 2329 ornamenta
1174 2280 1264 2328 ex
1297 2254 1633 2352 professo
1686 2256 2021 2353 rejiciat3
2075 2279 2389 2353 cumque
2446 2255 2775 2330 scientiae

706 2368 945 2441 omnis
978 2368 1460 2453 fundamenta
1489 2370 1751 2465 prima,
1803 2393 1955 2442 non
2000 2368 2222 2442 modo
2259 2369 2590 2465 speciosa
2621 2392 2774 2441 non

705 2481 878 2572 sint,
944 2482 1075 2557 sed
1129 2483 1351 2558 etiam
1410 2482 1739 2575 humilia,
1793 2482 2024 2574 arida,
2079 2495 2156 2557 et
2193 2506 2383 2580 pene
2418 2482 2777 2557 deformia

702 2594 1113 2668 videantur.

802 2711 1153 2783 Attamen
1190 2734 1357 2783 cum
1392 2707 1542 2784 sint
1569 2711 1796 2808 aliqui
1830 2721 2055 2800 certe,
2085 2732 2504 2807 quanquam
2531 2710 2773 2806 pauci,

703 2846 888 2919 quos
922 2823 999 2896 in
1035 2823 1235 2897 omni
1268 2847 1350 2897 re
1382 2824 1657 2898 veritas
1692 2837 1767 2898 et
1800 2823 2173 2898 rationum
2202 2824 2580 2898 firmitudo
2614 2824 2777 2921 ipsa

702 2960 835 3032 per
862 2959 940 3009 se
969 2935 1316 3026 delectat,
1343 2938 1599 3034 paucis
1633 2938 1776 3012 illis
1811 2961 2110 3034 operam
2141 2938 2334 3010 hanc
2362 2938 2774 3012 navandam

701 3073 863 3123 esse
907 3050 1180 3123 censui.
1286 3051 1546 3147 Itaque
1597 3052 1693 3125 ad
1753 3051 2174 3124 institutum
2236 3051 2477 3125 venio.
2580 3053 2774 3125 Inci-

700 3164 900 3260 piam
933 3175 1180 3237 autem
1214 3164 1307 3237 ab
1336 3164 1497 3260 ipsa
1527 3164 2012 3261 philosophiae
2046 3163 2498 3238 definitione.

355 3301 678 3366 Philosophia
801 3287 872 3351 2.
918 3275 1419 3375 Philosophia
1445 3287 1562 3351 εει
1588 3278 2019 3372 Effectuum
2046 3277 2203 3350 sive
2228 3278 2769 3351 Phaenomenwn

355 3367 567 3416 definitio

354 3432 602 3497 explicata.

700 3413 795 3462 ex
843 3389 1226 3488 concepti-v
1293 3414 1541 3463 eorum
1611 3391 1883 3464 Caucis
1937 3416 2069 3464 seu
2119 3391 2769 3482 Generationibus,

700 3511 778 3575 et
833 3527 1099 3575 rursus
1162 3501 1740 3576 Generationum
1805 3529 1972 3602 quoe
2039 3529 2205 3577 esse
2259 3514 2608 3602 possunt,
2674 3529 2770 3578 ex

700 3615 1029 3712 cogniti-9
1103 3613 1489 3709 effectibus
1542 3641 1699 3715 per
1766 3627 2051 3691 rectam
2117 3618 2768 3691 ratiocinationem

699 3727 1078 3824 acquisita
1112 3727 1472 3825 cognitio,

797 3840 916 3913 Ad
937 3863 1157 3936 quam
1177 3840 1684 3915 definitionem
1702 3843 2278 3941 intelligendam,
2302 3843 2769 3918 considerare

696 3964 993 4048 oportet
1024 3952 1288 4048 primo,
1327 3954 1756 4028 Sensionem
1784 3967 2007 4052 atque
2030 3957 2464 4030 Memoriam
2498 3980 2767 4049 rerum,

697 4088 863 4160 quae
899 4087 1322 4138 communes
1357 4065 1640 4140 homini
1677 4080 1851 4142 sunt
1872 4093 2041 4142 cum
2069 4070 2406 4143 omnibus
2435 4070 2765 4144 animan-

693 4177 918 4266 tibus,
972 4177 1112 4250 etsi
1164 4178 1627 4275 cognitiones
1664 4181 1837 4269 sint,
1879 4195 2129 4256 tamen
2162 4183 2336 4280 quia
2369 4181 2563 4257 datae
2591 4195 2766 4257 sunt

693 4289 946 4362 statim
978 4313 1024 4363 a
1054 4302 1344 4381 natura,
1389 4317 1541 4368 non
1576 4293 2087 4371 ratiocinando
2144 4296 2550 4393 acquisitae,
2610 4321 2765 4372 non

692 4425 852 4500 esse
885 4403 1441 4501 philosophiam.
