3182 5102
679 460 817 526 150
1241 469 1803 523 PHILOSOPHIA
1838 467 2125 522 PRIMA.

340 654 517 711 PARS
543 655 618 709 11.
671 641 814 714 hoc
873 649 985 713 est
1036 638 1105 712 A
1151 637 1246 710 ad
1308 637 1414 722 B;
1483 661 1710 734 quare
1774 659 1863 709 ex
1920 660 2131 733 aequo
2187 659 2322 732 per
2380 635 2747 713 rationem

440 723 513 771 13.

337 794 605 833 ω-Ἷ--ν
673 755 1175 852 perturbatam
1204 763 1421 825 erunt
1456 752 1546 825 A.
1570 753 1638 824 D
1678 780 1695 827 .·.
1731 778 1749 823 z
1786 751 1870 825 E.
1903 750 1962 823 C
1995 748 2598 846 proportionalia.

288 866 504 917 nationi·

285 933 600 985 arithmetica

773 876 893 944 26.
951 867 1027 940 Si
1062 866 1339 941 fuerint
1365 865 1560 939 inter
1598 865 1858 943 eadem
1892 876 2243 953 extrema,
2281 862 2414 936 sed
2445 863 2641 941 inter
2669 886 2749 936 se

286 998 650 1062 “geometrica
674 979 1083 1077 inaequalia,
1138 979 1575 1077 interposita
1623 990 2097 1076 quotcunque
2147 977 2412 1065 media,
2462 988 2615 1051 tam
2670 977 2751 1057 in

285 1064 587 1128 comparatio.

673 1093 1124 1191 geometrica
1170 1117 1390 1189 quam
1424 1092 1503 1164 in
1550 1090 2021 1167 arithmetica
2062 1090 2377 1180 ratione,
2435 1089 2750 1165 totidem

672 1207 1092 1304 utrobique,
1180 1207 1472 1303 singula
1555 1205 1802 1279 media
1884 1204 2194 1279 rationis
2278 1203 2749 1301 geometricae

676 1334 893 1396 erunt
927 1320 1234 1417 singulis
1269 1321 1529 1394 mediis
1565 1319 1876 1393 rationis
1912 1319 2402 1393 arithmeticae
2436 1319 2744 1397 minora.

677 1435 842 1509 Sint
875 1433 1071 1511 enim
1104 1433 1300 1509 inter
1333 1434 1400 1505 A
1435 1433 1818 1507 minimum
1868 1444 1944 1505 et
1977 1434 2038 1504 E
2087 1433 2487 1507 maximum
2520 1433 2751 1506 inter·-

673 1548 916 1645 posita
975 1548 1051 1619 in
1121 1547 1409 1620 ratione
1462 1545 1937 1642 geometrica,
2007 1546 2213 1620 verbi
2273 1546 2539 1644 gratia,
2607 1547 2753 1621 tria

675 1662 917 1743 media
950 1661 1035 1748 B,
1071 1662 1151 1748 C,
1187 1661 1254 1734 D
1286 1692 1304 1745 ς
1359 1673 1435 1734 et
1467 1661 1543 1733 in
1596 1661 1884 1734 ratione
1939 1660 2406 1734 arithmetica
2440 1660 2753 1741 totidem

677 1777 754 1863 F,
808 1776 893 1867 G,
945 1775 1069 1860 H;
1140 1773 1305 1847 dico
1363 1774 1424 1846 B
1479 1799 1699 1872 quam
1756 1775 1834 1861 F,
1894 1773 1953 1846 C
2008 1798 2229 1873 quam
2280 1775 2368 1863 G,
2404 1774 2472 1847 D
2524 1799 2750 1871 quam

679 1890 751 1963 H
776 1889 1016 1963 minus
1039 1911 1220 1961 esse.
1298 1888 1432 1961 Est
1467 1888 1687 1979 enim,
1726 1887 2067 1983 primum,
2108 1886 2524 1967 differentia
2548 1888 2745 1962 inter

676 2005 743 2076 A
803 2014 878 2075 et
932 2003 988 2074 F
1041 2001 1296 2074 eadem
1358 2025 1521 2097 quae
1606 2001 1800 2074 inter
1863 2002 1919 2073 F
1966 2012 2041 2074 et
2093 2001 2157 2074 G
2213 2002 2364 2077 sive
2417 2002 2481 2076 G
2545 2014 2621 2077 et
2677 2002 2749 2075 H

676 2118 1003 2216 (propter
1053 2115 1417 2193 rationem
1484 2115 2067 2209 arithmeticam)
2106 2147 2125 2200 ;
2179 2115 2491 2214 ideoque
2547 2115 2754 2189 diffe-

679 2231 919 2307 rentia
982 2229 1177 2302 inter
1238 2229 1528 2326 singula
1585 2229 1925 2328 proxima
1990 2229 2574 2326 proportionalia
2642 2241 2756 2305 est

682 2343 1110 2418 differentiae
1162 2353 1682 2432 extremorum,
1733 2343 1862 2417 ubi
1896 2344 2198 2419 unicum
2239 2353 2352 2416 est
2402 2343 2749 2434 medium,

684 2456 1043 2539 semissis3
1098 2454 1224 2531 ubi
1261 2456 1429 2547 duo,
1474 2457 1749 2543 triens;
1801 2456 1930 2534 ubi
1966 2456 2132 2545 tria,
2177 2457 2570 2556 quadranS,
2624 2461 2752 2535 διο.

683 2572 759 2645 in
793 2572 934 2643 hoc
970 2571 1298 2668 exemplo
1337 2595 1512 2668 ergo
1550 2582 1664 2644 est
1707 2571 2097 2670 quadrans,
2201 2572 2304 2645 At
2339 2573 2753 2649 differentia

683 2686 878 2764 inter
907 2685 971 2757 D
1008 2697 1084 2757 et
1117 2685 1178 2759 E
1221 2685 1384 2780 (per
1410 2697 1548 2758 art.
1590 2686 1710 2779 17)
1753 2696 1866 2758 est
1899 2684 2067 2781 plus
2118 2710 2341 2783 quam
2389 2687 2757 2785 quadrans

685 2798 1121 2872 differentiae
1156 2810 1676 2887 extremorum,
1712 2810 2020 2895 propter
2067 2800 2431 2880 rationem
2464 2825 2756 2899 geome-

685 2913 970 3001 tricam,
1028 2912 1440 2986 differentia
1493 2936 1671 3008 ergo
1726 2911 1923 2986 inter
1983 2912 2052 2986 A
2092 2924 2167 2986 et
2227 2913 2295 2986 D
2352 2914 2594 2988 minor
2646 2926 2758 2988 est

690 3051 907 3121 quam
978 3038 1126 3099 tres
1197 3026 1641 3123 quadrantes
1726 3027 2054 3124 ejusdem
2234 3074 2297 3139 A
2585 3076 2645 3140 A

691 3139 1121 3214 differentiae
1194 3152 1710 3216 extremorum.
1841 3140 2057 3214 Simi-
2241 3180 2292 3191 -
2587 3182 2637 3193 -

689 3252 858 3325 liter
883 3253 944 3324 si
964 3252 1420 3349 intelligatur
1431 3252 1845 3327 differentia
1864 3253 2060 3325 inter
2223 3237 2321 3354 -Β-
2540 3238 2688 3358 L

690 3366 757 3446 A
827 3378 903 3439 et
971 3367 1035 3439 D
1107 3366 1341 3441 divisa
1413 3368 1490 3441 in
1576 3381 1727 3441 tres
1812 3380 2061 3464 partes
2242 3397 2298 3463 C
2585 3400 2649 3464 G

692 3479 1034 3577 aequales,
1088 3482 1519 3556 ostendetur
1571 3481 2063 3556 differentiam
2201 3501 2345 3513 -·
2518 3504 2713 3526 -···

691 3595 886 3668 inter
923 3594 989 3667 A
1026 3605 1101 3666 et
1136 3594 1194 3667 C
1230 3595 1586 3672 minorem
1629 3620 1787 3670 esse
1841 3621 2062 3693 quam
2587 3557 2655 3621 H

695 3706 877 3779 duos
900 3707 1342 3804 quadrantes
1365 3710 1797 3783 differentiae
1820 3721 2061 3783 extre-
2242 3718 2299 3782 E
2586 3721 2642 3785 E

692 3844 980 3894 morum
1015 3821 1081 3894 A
1117 3832 1192 3894 et
1226 3822 1312 3911 E,
1366 3835 1441 3895 et
1476 3823 1817 3920 denique,
1873 3822 2059 3897 divi-
2470 3823 2763 3841 ““““’

696 3933 935 4006 dendo
998 3932 1485 4010 differentiam
1546 3936 1741 4010 inter
1790 3936 1859 4010 A
1914 3949 1991 4009 et
2042 3936 2101 4009 C
2150 3934 2511 4024 bifariam,
2570 3935 2765 4010 inter

692 4047 761 4126 A
796 4059 872 4118 et
907 4046 968 4118 B
1002 4046 1360 4121 minorem
1396 4071 1553 4122 esse
1590 4048 1999 4144 quadrante
2035 4047 2469 4122 differentiae
2523 4064 2765 4124 extre-

693 4183 980 4234 morum
1013 4159 1082 4233 A
1115 4170 1191 4234 et
1222 4161 1307 4234 E.

799 4271 937 4346 His
992 4273 1495 4363 consideratis,
1550 4275 1694 4347 erit
1729 4275 1790 4348 B
1847 4275 2020 4370 (hoc
2058 4285 2194 4364 est,
2249 4273 2340 4365 A,
2395 4296 2547 4348 una
2598 4297 2767 4350 cum

696 4383 838 4457 alio
870 4385 1212 4481 quodam,
1250 4388 1450 4483 quod
1471 4389 1710 4462 minus
1732 4400 1845 4463 est
1880 4389 2291 4487 quadrante
2319 4388 2771 4461 differentiae
