3182 5102
993 1236 1165 1317 AD
1249 1166 2022 1317 LECTOREM.-

1221 1552 1715 1559 ———-—-—-————-——-

494 1762 1043 1843 Pmnosornmu,
1075 1766 1253 1852 cujus
1276 1766 1587 1831 elementa
1614 1766 1718 1831 hic
1746 1765 2080 1853 aggredior
2102 1764 2414 1842 ordinare,
2446 1764 2577 1830 noli

403 1900 660 1965 credere
688 1922 828 1965 eam
857 1923 1010 1979 esse,
1051 1901 1250 1966 amice
1289 1900 1504 1979 lector,
1536 1924 1651 1989 per
1681 1924 1873 1989 quam
1902 1902 2068 1966 fiunt
2111 1900 2349 1987 lapides
2383 1901 2580 1987 philo-

403 2036 662 2122 sophici,
695 2059 903 2124 neque
931 2036 1102 2102 illam
1132 2060 1322 2125 quam
1351 2052 1671 2137 ostentant
1698 2038 1941 2102 codices
1970 2037 2379 2124 metaphysici
2403 2064 2420 2116 3
2466 2038 2575 2104 sed

400 2174 709 2238 rationem
737 2173 1080 2238 humanam
1131 2174 1482 2239 naturalem
1511 2196 1627 2261 per
1670 2197 1886 2240 omnes
1931 2198 2028 2241 res
2067 2190 2308 2253 creatas
2352 2177 2573 2243 sedulo

401 2308 785 2386 volitantem,
818 2325 884 2374 et
910 2310 991 2374 de
1034 2332 1250 2375 earum
1301 2311 1540 2388 ordine,
1596 2312 1795 2376 causis
1839 2326 1904 2376 et
1945 2311 2269 2377 effectibus
2290 2335 2383 2379 .ea
2429 2336 2574 2400 quae

402 2467 553 2509 vera
591 2460 739 2511 sunt
779 2447 1267 2513 renuntiantem.
1359 2447 1602 2513 Mentis
1653 2471 1806 2535 ergo
1846 2462 1974 2513 tuae
2017 2463 2082 2513 et
2134 2450 2323 2514 totius
2352 2450 2573 2514 mundi

403 2581 534 2647 filia
584 2571 987 2670 Philosophia
1015 2585 1082 2648 in
1113 2600 1176 2650 te
1204 2586 1338 2672 ipso
1370 2599 1498 2662 est3
1545 2585 1828 2650 nondum
1861 2585 2119 2650 fortasse
2148 2586 2437 2673 figurata,
2465 2587 2576 2653 sed

400 2720 672 2806 genitori
699 2721 939 2786 mundo
969 2721 1170 2809 qualis
1197 2738 1335 2787 erat
1363 2723 1427 2786 in
1451 2722 1762 2810 principio
1791 2722 2044 2786 informi
2075 2721 2309 2787 similis.
2403 2722 2576 2788 Faci-

402 2857 638 2921 endum
659 2880 811 2945 ergo
838 2859 953 2923 tibi
976 2873 1088 2936 est,
1115 2859 1286 2946 quod
1316 2858 1555 2930 faciunt
1575 2859 1859 2924 statuarii
1885 2860 1995 2947 qui
2019 2859 2344 2924 materiam
2367 2859 2575 2925 excul-

401 3008 620 3081 pentes
648 3015 1191 3082 supervacaneam,
1241 2995 1579 3083 imaginem
1609 3018 1737 3061 non
1777 2994 2035 3073 faciunt,
2082 2995 2193 3061 sed
2221 2997 2570 3061 inveniunt.

403 3130 520 3195 Vel
553 3131 800 3196 imitare
830 3130 1230 3196 creationem.
1326 3133 1532 3219 Super
1560 3133 1853 3220 abyssum
1885 3134 2339 3221 cogitationum
2382 3156 2572 3222 expe-

401 3267 941 3355 rimentorumque
1005 3283 1259 3333 tuorum
1324 3268 1647 3335 confusam
1711 3271 1791 3354 (si
1848 3269 2257 3357 philosophias
2316 3292 2570 3356 operam

400 3405 624 3471 seriam
669 3405 931 3470 daturus
977 3406 1078 3486 sis)
1123 3406 1550 3492 superferatur
1598 3407 1757 3472 ratio
1807 3421 1933 3473 tua.
2036 3406 2317 3472 Confusa
2364 3406 2570 3473 discu-

401 3541 634 3619 tienda,
667 3540 1131 3629 distinguenda,
1177 3556 1242 3606 et
1282 3542 1408 3607 suis
1438 3566 1711 3630 quaeque
1739 3544 1986 3631 signata
2011 3542 2372 3610 nominibus
2401 3543 2571 3608 ordi-

401 3678 613 3744 nanda
640 3695 809 3757 sunt,
839 3679 907 3743 id
935 3693 1050 3756 est,
1082 3679 1379 3744 methodo
1406 3702 1564 3766 opus
1594 3695 1689 3745 est
1719 3680 1997 3766 ipsarum
2026 3702 2239 3744 rerum
2268 3680 2569 3745 creationi

399 3835 696 3901 congrua.
789 3813 1064 3878 Creandi
1094 3827 1307 3879 autem
1336 3814 1492 3879 ordo
1544 3830 1702 3893 erat,
1745 3821 1885 3893 lux,
1931 3820 2132 3881 noctis
2176 3825 2239 3880 et
2283 3819 2416 3881 diei
2438 3819 2567 3884 dis-

402 3956 635 4027 tinctio,
666 3973 1039 4037 expansum,
1066 3956 1440 4031 luminaria,
1486 3956 1829 4034 sensibilia,
1861 3959 2057 4019 homo.
2148 3951 2399 4016 Deinde
2428 3967 2569 4038 post

399 4086 798 4162 creationem,
829 4090 1224 4154 mandatum.
1316 4086 1806 4175 Contemplandi
1836 4053 1987 4175 ergo
2030 4087 2187 4153 ordo
2229 4088 2351 4152 erit
2378 4094 2565 4164 ratio,

401 4227 703 4308 definiCiO,
735 4230 1037 4310 spatium,
1074 4235 1272 4300 astra,
1326 4231 1609 4312 qual-itas
1657 4229 1982 4303 sensibilis,
2029 4232 2225 4293 homo.
2315 4213 2569 4289 Deinde

400 4358 613 4424 adulto
662 4359 941 4441 homine,
985 4366 1151 4427 civis·
1244 4358 1320 4423 In
1366 4360 1568 4445 prima
1616 4383 1766 4449 ergo
1814 4361 2102 4426 sectionis
2150 4361 2338 4446 hujus
2390 4374 2569 4445 parte

402 4518 544 4582 quae
576 4500 812 4583 Loyica
842 4496 1223 4576 inscribitur,
1256 4496 1529 4564 accendo
1559 4496 1764 4563 lucem
1795 4498 2071 4564 rationis.
2163 4496 2241 4561 In
2273 4495 2566 4572 secunda,
