3182 5102
322 653 500 704 PARS
525 653 571 704 1.

303 3238 583 3302 Categorica
605 3246 656 3289 et

309 3305 652 3369 Hypothetica.

678 442 771 507 34
1156 456 1689 518 COMPUTATIO
1731 460 1918 513 slvn
1958 461 2283 513 Loo1cA.

678 644 1119 719 quoeunque
1154 634 1487 722 tempore
1522 626 2004 723 supponimus
2055 628 2166 701 rei
2214 627 2436 701 alicui
2488 651 2759 701 conve-

677 736 839 809 nire
900 760 1173 811 nomen
1238 737 1473 827 home,
1541 739 1784 813 eidem
1849 740 1958 813 rei
2017 741 2409 813 conveniet
2469 764 2763 837 quoque

677 873 948 923 nomen
989 849 1293 924 animal.
1403 851 1870 950 Contingens
1915 877 2092 927 vero
2148 866 2264 928 est
2319 878 2483 950 quae
2540 854 2761 927 modo

677 988 876 1054 vera,
912 964 1133 1038 modo
1167 964 1354 1039 falsa
1387 989 1547 1039 esse
1580 978 1854 1063 potest,
1906 979 1995 1041 ut
2044 968 2280 1040 omnis
2326 992 2594 1041 corvus
2644 977 2762 1040 est

677 1077 903 1174 niger
923 1105 953 1162 ‚·
1004 1078 1226 1152 hodie
1263 1078 1561 1174 quidem
1596 1080 2030 1178 contingere
2056 1092 2309 1178 potest
2327 1092 2416 1154 ut
2435 1081 2533 1154 sit
2560 1104 2759 1170 vera,

677 1190 822 1264 alio
859 1202 1193 1288 tempore
1225 1202 1312 1265 ut
1348 1193 1446 1265 sit
1471 1192 1679 1266 falsa.
1785 1193 2069 1267 Rursus
2121 1194 2198 1267 in
2251 1194 2452 1266 omni
2493 1217 2765 1290 propo-

679 1303 949 1377 sitione
982 1304 1420 1394 necessaria,
1460 1305 1969 1403 praedicatum
2003 1306 2121 1379 vel
2155 1306 2548 1402 aequivalet
2588 1307 2760 1378 sub-

669 1419 899 1513 jeet0,
950 1429 1038 1491 ut
1085 1418 1164 1491 in
1210 1418 1351 1492 hac
1405 1417 1617 1491 homo
1670 1428 1789 1492 est
1845 1418 2133 1492 animal
2189 1418 2595 1506 rationale,
2645 1420 2765 1494 vel

675 1554 849 1627 pars
885 1531 1393 1627 aequivalentis
1435 1543 1574 1622 est,
1626 1543 1713 1605 ut
1747 1532 1827 1605 in
1863 1531 2006 1605 hac
2039 1532 2246 1605 homo
2281 1541 2401 1605 est
2446 1531 2754 1606 animal.

680 1644 1168 1741 Componitur
1222 1646 1420 1719 enim
1476 1670 1751 1720 nomen
1809 1646 1955 1720 hoc
2009 1644 2295 1718 animal
2352 1645 2760 1736 rationale,

678 1757 832 1830 sive
873 1757 1108 1848 Ιιοηιο,
1161 1782 1254 1831 ex
1305 1758 1618 1848 duobus,
1667 1756 1956 1831 animal
1999 1770 2077 1830 et
2123 1757 2526 1831 rationale.
2656 1757 2762 1831 At

676 1870 755 1944 in
818 1870 1300 1968 contingente
1349 1872 1495 1945 hoc
1537 1895 1691 1945 non
1738 1872 1849 1961 fit,
1918 1895 2093 1945 nam
2143 1871 2286 1944 etsi
2337 1895 2516 1945 vera
2564 1883 2762 1946 esset

678 1984 914 2056 omnis
949 1983 1158 2057 homo
1193 1993 1312 2057 est
1343 1983 1688 2074 mendax,
1733 1984 2082 2080 quoniam
2114 1995 2364 2057 tamen
2392 2006 2537 2056 vox
2564 2008 2759 2056 men-

678 2096 860 2187 dax,
896 2121 1050 2171 non
1077 2107 1192 2170 est
1216 2120 1389 2194 pars
1422 2097 1744 2171 nominis
1772 2096 2187 2194 compositi,
2225 2097 2346 2170 cui
2371 2097 2763 2192 aequivalet

676 2234 949 2285 nomen
976 2210 1210 2300 homa,
1239 2234 1393 2284 non
1427 2210 1717 2284 dicetur
1749 2211 1877 2284 illa
1901 2209 2314 2307 propositio
2346 2210 2764 2283 necessaria

678 2325 811 2398 sed
871 2325 1336 2421 contingens,
1405 2325 1694 2398 etiamsi
1756 2347 2046 2420 semper
2105 2324 2213 2396 ita
2267 2323 2758 2420 contingeret.

678 2437 1135 2512 Necessariae
1157 2438 1408 2533 itaque
1428 2437 1973 2535 propositiones
2000 2437 2145 2510 iuae
2174 2447 2350 2509 sunt
2379 2460 2543 2532 quae
2572 2461 2763 2510 sem·

681 2554 994 2650 piternae
1045 2550 1381 2625 veritatis
1416 2562 1615 2624 sunt.

779 2667 981 2740 Hine
1004 2688 1296 2761 quoque
1324 2664 1799 2738 manifestum
1819 2674 1934 2736 est
1955 2662 2345 2736 veritatem
2365 2686 2518 2736 non
2539 2663 2760 2736 rebus

678 2780 812 2853 sed
859 2779 1318 2853 orationibus
1369 2776 1772 2865 adhaerere,
1826 2774 2177 2848 veritates
2239 2775 2436 2848 enim
2496 2774 2762 2870 aliquae

680 2905 983 2967 aeternae
1040 2902 1258 2974 sunt3
1311 2914 1604 2986 semper
1652 2888 1852 2962 enim
1899 2911 2156 2960 verum
2211 2887 2355 2960 erit
2404 2887 2476 2959 si
2525 2887 2759 2976 homa,

679 3016 829 3080 tum
864 3003 1149 3078 animal
1166 3032 1193 3088 ,·
1249 3015 1337 3077 ut
1369 3015 1622 3077 autem
1655 3002 1903 3092 homo,
1956 3012 2089 3074 aut
2127 3000 2400 3075 animal
2434 3000 2512 3073 in
2547 3011 2762 3075 aeter-

681 3143 862 3193 num
899 3119 1171 3192 existat
1203 3140 1505 3190 necesse
1539 3139 1693 3189 non
1728 3126 1866 3188 est.

787 3242 902 3307 11.
959 3233 1188 3306 Sexta
1220 3229 1603 3303 distinctio
1636 3226 2230 3325 propositionum
2280 3236 2397 3298 est
2442 3225 2521 3297 in
2555 3233 2771 3298 cate-

675 3346 1027 3444 goricam
1083 3355 1160 3418 et
1214 3341 1798 3440 hypotheticam.
1908 3338 2375 3435 Categorica
2430 3348 2547 3410 est
2597 3361 2763 3433 quae

681 3458 1115 3556 simpliciter
1149 3457 1302 3532 sive
1337 3453 1675 3529 absolute
1697 3451 2181 3550 pronuntiata
2206 3462 2364 3535 est;
2416 3461 2504 3523 ut
2528 3448 2763 3522 omni-s·

675 3570 887 3645 homo
923 3580 1043 3645 est
1074 3567 1405 3643 animal:
1455 3565 1709 3640 nullus
1741 3566 1949 3639 homo
1986 3573 2104 3636 est
2128 3562 2383 3636 arbor.
2486 3562 2580 3635 H
2573 3586 2763 3659 ypo-

681 3685 994 3774 thetica‚
1047 3707 1212 3779 quae
1249 3678 1890 3762 conditionaliten
1943 3689 2031 3749 ut
2063 3676 2134 3749 si
2167 3676 2340 3774 quis
2375 3675 2582 3747 homo
2617 3682 2759 3763 est,

679 3799 751 3873 is
786 3798 1015 3872 etiam
1048 3793 1335 3870 animal
1361 3803 1482 3868 est
1500 3821 1530 3879 ‚·
1582 3792 1654 3865 εἰ
1688 3792 1860 3890 quis
1886 3790 2095 3864 homo
2122 3797 2264 3875 est,
2290 3786 2359 3860 is
2387 3786 2595 3884 lapis
2615 3811 2762 3860 non

680 3921 821 3986 est.
932 3908 1423 4007 Categorica,
1473 3915 1550 3980 et
1583 3904 2074 4004 hypothetica
2108 3902 2250 4000 ipsi
2304 3900 2760 3996 respondens

682 4026 763 4099 in
795 4022 1424 4123 propositionibus
1457 4019 1891 4093 necessariis
1942 4017 2139 4090 idem
2185 4014 2629 4110 significant,
2681 4013 2761 4085 in

686 4136 1293 4234 contingentibus
1328 4159 1481 4209 non
1514 4133 1754 4217 idem3
1809 4129 2123 4228 exempli
2178 4151 2421 4216 eausa,
2484 4126 2548 4199 si
2598 4126 2762 4200 haec

684 4252 919 4326 omnis
954 4251 1162 4323 homo
1198 4259 1315 4322 est
1349 4245 1637 4321 animal
1663 4271 1840 4320 vera
1873 4246 1994 4335 sit,
2029 4267 2204 4317 vera
2254 4264 2546 4337 quoque
2593 4239 2760 4330 erit,

682 4364 754 4437 si
781 4364 952 4463 quis
988 4361 1195 4435 homo
1229 4371 1369 4451 est,
1407 4360 1474 4434 is
1510 4359 1737 4433 etiam
1770 4355 2057 4433 animal
2085 4364 2250 4439 m,-
2306 4353 2437 4426 sed
2468 4353 2547 4426 in
2583 4377 2760 4426 eon-
