3182 5102
322 611 497 661 PARS
530 612 605 662 11.

419 680 494 726 13.

232 816 454 893 Rationis
482 819 627 866 arith-

229 890 417 930 metlcae
440 891 488 930 et
519 898 628 944 geo-

227 948 440 995 metricae
458 955 628 995 natura

231 1021 279 1059 et
297 1012 611 1061 definitiones.

662 426 801 491 130
1245 441 1807 494 PHILOSOPHIA
1847 442 2132 495 PmMA.

657 607 893 679 altera
940 630 1077 680 nee
1138 610 1373 705 major
1430 633 1572 684 nec
1626 611 1868 684 minor
1936 635 2096 685 esse
2163 621 2437 707 potest.
2553 607 2727 680 Non

659 721 855 793 enim
927 745 1079 794 una
1142 724 1522 820 aequalitas
1590 727 1828 822 major
1894 736 2025 797 aut
2092 724 2335 797 minor
2404 734 2517 795 est
2584 722 2731 794 alia

657 835 1101 930 aequalitate.
1211 838 1314 910 At
1373 837 1684 911 duarum
1746 838 2119 912 rationum
2179 835 2725 932 inaequalitati5‚

656 950 807 1023 sive
843 972 949 1021 eae
994 949 1319 1023 rationes
1365 951 1516 1025 sint
1562 976 1904 1026 excessus
1961 952 2114 1025 sive
2169 951 2525 1038 defectus,
2577 973 2737 1022 una

653 1063 798 1139 alia
844 1074 1092 1158 potest
1142 1087 1301 1137 esse
1350 1063 1469 1138 vel
1528 1068 1765 1161 major
1813 1066 1931 1138 vel
1980 1066 2246 1154 minor,
2313 1063 2430 1137 vel
2490 1063 2733 1137 ambae

649 1177 992 1272 aequales,
1094 1177 1289 1249 Nam
1324 1178 1462 1251 etsi
1499 1179 1649 1252 sint
1690 1180 2091 1275 propositae
2137 1177 2302 1251 duae
2352 1176 2735 1273 magnitu-.

651 1290 857 1363 dines
892 1290 1088 1382 inter
1122 1314 1199 1363 se
1241 1291 1661 1386 inaequaleS‚
1711 1303 2024 1388 possunt
2076 1303 2325 1365 tamen
2367 1313 2526 1362 esse
2560 1288 2726 1362 aliae

651 1404 814 1476 duae
850 1403 1106 1498 magist,
1144 1403 1302 1476 aliae
1338 1404 1501 1476 duae
1534 1428 1769 1499 aeqne,
1808 1404 1969 1477 aliae
2021 1403 2186 1477 duae
2238 1403 2480 1476 minus
2528 1402 2725 1475 inter

651 1541 728 1590 se
814 1516 1208 1613 inaequales
1293 1542 1513 1612 quam
1579 1518 1756 1614 ipsae
1833 1517 2260 1614 propositae.
2394 1517 2508 1589 Ex
2575 1540 2721 1610 quo

649 1631 1087 1726 intelligitur
1121 1631 1483 1704 rationem
1518 1643 1673 1703 tam
1722 1654 2091 1716 excessuS,
2132 1655 2352 1725 quam
2388 1630 2721 1704 defectus

652 1770 809 1818 esse
866 1744 1380 1840 quantitatem,
1446 1745 1719 1841 quippe
1775 1767 1939 1841 quae
1995 1744 2304 1840 suscipit
2357 1743 2590 1840 magis
2645 1754 2724 1816 et

647 1858 946 1942 minus;
1026 1858 1389 1930 rationem
1473 1870 1725 1930 autem
1787 1856 2255 1951 aequalitatis,
2331 1857 2504 1951 quia
2569 1879 2723 1929 non

647 1971 953 2067 suscipit
998 1971 1231 2067 magis
1283 1996 1421 2044 nec
1462 1972 1730 2061 minus,
1782 1970 2276 2065 quantitatem
2328 1995 2481 2043 non
2536 1993 2717 2043 esse.

645 2086 905 2181 Itaque
973 2084 1297 2157 rationes
1365 2083 1889 2180 inaequalitatis
1958 2107 2175 2179 posse
2246 2083 2463 2155 simul
2522 2081 2718 2168 addi,

641 2198 759 2271 vel
841 2221 1066 2270 unam
1132 2198 1225 2269 ab
1293 2197 1436 2270 alio
1514 2197 1763 2285 adimi,
1848 2194 1968 2268 vel
2036 2195 2231 2269 inter
2298 2219 2377 2269 se
2444 2207 2521 2268 et
2587 2219 2722 2291 per

643 2334 1031 2384 numerum
1094 2310 1567 2406 multiplicari
1634 2321 1712 2382 et
1771 2307 2021 2397 dividi,
2091 2308 2418 2381 rationes
2479 2333 2722 2405 aequa-

641 2423 873 2497 litatis
908 2448 1058 2496 non
1094 2423 1296 2495 item.
2446 2490 2461 2498 -

743 2548 812 2610 4.
868 2537 1050 2610 Duae
1085 2537 1409 2610 rationes
1459 2534 1777 2631 aequales
1827 2534 2175 2607 dicuntur
2226 2533 2721 2608 communiter

643 2652 846 2723 ratio
902 2651 1161 2723 eadem
1189 2678 1218 2733 ;
1291 2650 1695 2745 dicuntque
1760 2648 2066 2721 eandem
2135 2672 2292 2721 esse
2354 2648 2719 2722 rationem

642 2764 862 2860 primi
916 2763 1421 2837 antecedentis
1483 2762 1580 2836 ad
1624 2761 1945 2857 primum
2006 2785 2490 2856 consequenS,
2555 2785 2733 2856 quae.

643 2877 945 2950 secundi
1013 2874 1521 2949 antecedentis
1590 2875 1686 2947 ad
1755 2898 2212 2970 consequens
2289 2874 2717 2948 secundum.

641 2992 740 3063 Et
812 3002 1131 3085 quatuor
1207 2988 1753 3086 magnitudines
1838 2987 1945 3061 ita
2026 3012 2105 3061 se
2196 2987 2555 3061 habentes
2638 2988 2717 3060 in

644 3102 929 3175 ratione
971 3101 1424 3198 geometrica
1475 3101 1824 3173 dicuntur
1860 3099 2512 3197 proportionalem,
2549 3112 2625 3173 et
2672 3126 2719 3174 a

645 3215 1081 3310 quibusdam
1115 3215 1435 3302 breviUS,
1472 3212 2004 3310 analogismus.

746 3329 989 3424 Major
1052 3338 1302 3400 autem
1366 3326 1558 3399 ratio
1619 3338 1734 3398 est
1799 3326 1989 3399 ratio
2051 3325 2350 3422 majoris
2421 3338 2718 3399 antece-

649 3441 890 3513 dentis
962 3439 1057 3513 ad
1125 3439 1319 3513 idem
1389 3461 1872 3533 consequenS,
1935 3436 2052 3510 vel
2120 3437 2447 3534 ejusdem
2508 3450 2717 3511 ante-

647 3555 974 3627 cedentis
1010 3554 1105 3626 ad
1156 3576 1613 3649 consequens
1664 3552 1957 3635 minus;
2014 3563 2091 3625 et
2137 3551 2433 3647 quando
2480 3553 2733 3648 major·

648 3680 762 3740 est
786 3667 975 3740 ratio
1002 3667 1220 3762 primi
1254 3666 1758 3739 antecedentis
1787 3664 1884 3737 ad
1909 3663 2228 3760 primum
2258 3687 2717 3759 consequens

648 3804 869 3874 quam
927 3780 1229 3852 secundi
1287 3777 1792 3852 antecedentis
1841 3776 1937 3850 ad
1993 3778 2397 3850 secundum
2458 3801 2716 3851 conse-

649 3916 905 3988 quem,
941 3904 1260 3987 quatuor
1307 3892 1853 3988 magnitudines
1889 3891 1997 3964 ita
2047 3915 2126 3964 se
2164 3891 2522 3965 habentes
2569 3890 2717 3964 dici

648 4018 958 4102 possunt
992 4005 1614 4103 hyperlogismus.

750 4119 1000 4191 Minor
1053 4119 1242 4192 ratio
1292 4130 1406 4191 est
1448 4119 1640 4191 ratio
1701 4117 2005 4190 minoris
2053 4116 2560 4190 antecedentis
2621 4115 2717 4189 ad

650 4230 847 4305 idem
924 4254 1403 4327 consequenS‚
1472 4230 1588 4303 vel
1659 4230 1987 4326 ejusdem
2052 4229 2560 4303 antecedentis
2621 4229 2718 4303 ad

654 4367 1110 4439 consequens
1176 4344 1438 4439 majus,
1588 4343 1906 4418 Quando
1975 4355 2225 4417 autem
2294 4343 2536 4417 minor
2603 4354 2717 4415 est
