3182 5102
759 451 910 519 410
1550 516 1553 521 ,
1609 466 1980 518 ΡΗΥειοΑ.

386 635 670 753 PARZ'IV·
756 644 1035 723 cenent,
1091 646 1165 707 et
1220 632 1531 730 proinde
1584 633 1848 708 odores
1900 634 2229 708 omnium
2277 659 2525 710 rerum
2574 648 2824 710 essent

415 772 659 808 *nr-³
756 747 1052 820 simileS.

855 861 1112 934 Restat
1144 883 1345 956 ergo,
1382 873 1467 933 ut
1500 860 1914 936 olfactionis
1948 886 2170 936 causa
2219 863 2317 937 sit
2365 875 2609 937 motus
2646 888 2818 960 par-

753 973 941 1046 tium
975 973 1264 1048 odorati
1291 974 1622 1070 simplex,
1659 975 1932 1070 absque
1964 976 2116 1049 ulla
2146 999 2187 1049 e
2219 988 2381 1050 toto
2408 1001 2541 1050 suo
2571 976 2818 1049 efflue-

755 1087 957 1160 tione
990 1119 1008 1172 ;
1063 1110 1207 1182 quo
1261 1098 1467 1160 motu
1517 1100 1965 1184 propagatur
2015 1113 2148 1185 per
2201 1089 2522 1162 medium
2574 1113 2820 1162 aerem

754 1224 983 1297 usque
1041 1200 1138 1273 ad
1195 1224 1551 1296 organum
1585 1212 1829 1275 motus
1864 1202 2144 1286 simili5‚
2196 1202 2327 1276 sed
2375 1226 2507 1299 per
2557 1226 2634 1275 se
2667 1225 2816 1274 non

756 1313 933 1386 satis
965 1314 1356 1387 vehemens
1390 1314 1484 1387 ad
1518 1315 1981 1389 excitandam
2014 1315 2423 1388 sensionem
2452 1315 2606 1389 sine
2626 1315 2816 1388 aeris

754 1450 887 1522 per
919 1426 1476 1522 respirationem
1508 1428 1972 1501 attractione.
2048 1427 2235 1502 Quae
2269 1427 2560 1522 quidem
2595 1450 2818 1500 causa

755 1538 1165 1612 olfactionis
1201 1550 1316 1613 est
1346 1539 1730 1636 possibiliS.

335 1658 589 1709 Quomodo
865 1661 975 1725 14.
1031 1652 1278 1726 Quare
1312 1664 1554 1726 autem
1590 1652 1884 1725 olfactio
1928 1677 1974 1725 a
2015 1651 2287 1748 frigore
2321 1650 2734 1746 impeditur,
2767 1677 2816 1725 a

336 1739 387 1835 ξι
462 1738 604 1836 vato
754 1764 997 1837 calore
1030 1764 1438 1860 adjuvatur,
1474 1788 1694 1837 causa
1727 1788 1882 1837 esse
1914 1774 2179 1860 potest,
2234 1764 2431 1860 quod
2465 1764 2661 1837 calor
2701 1765 2818 1859 (ut

336 1852 411 1915 “¹³
479 1861 601 1901 ’Μ’
753 1899 978 1972 supra
1044 1888 1417 1950 ostensum
1483 1886 1616 1963 est,
1685 1900 1844 1972 cap.
1913 1877 2104 1970 ΠΙ.)
2163 1888 2468 1972 generat
2533 1891 2814 1951 motum

753 1987 1199 2086 simplicem;
1287 2013 1512 2084 quare
1580 1989 1801 2062 etiam
1880 1990 2470 2086 praeexistentem
2549 2001 2811 2085 auget3

752 2113 968 2175 aucta
1000 2114 1247 2175 autem
1281 2101 1526 2175 odoris
1561 2125 1802 2186 causa,
1831 2101 2013 2174 odor
2047 2101 2200 2197 ipse
2233 2101 2641 2197 augebitur.

848 2215 1132 2287 Ventus
1198 2225 1443 2288 autem
1509 2215 1602 2287 ab
1669 2213 1974 2287 odorato
2053 2214 2354 2286 odorem
2426 2213 2807 2289 fortiorem

749 2326 994 2399 reddit
1021 2326 1329 2400 eandem
1362 2327 1456 2399 ob
1485 2349 1803 2416 eausam,
1831 2339 2132 2423 propter
2152 2350 2372 2423 quam
2402 2326 2597 2400 idem
2631 2329 2809 2402 facit

748 2440 1090 2514 attractio
1124 2440 1312 2514 aeris
1340 2440 1415 2512 in
1448 2440 1949 2536 respiratione.
2013 2441 2204 2513 Nam
2239 2441 2365 2536 qui
2396 2442 2807 2536 proximum

749 2577 991 2627 aerem
1045 2554 1375 2642 attrahit,
1435 2554 1615 2628 facit
1666 2567 1753 2627 ut
1805 2555 2176 2643 remotior,
2239 2554 2458 2627 etiam
2512 2556 2639 2628 ubi
2693 2569 2807 2630 est

746 2667 866 2762 obj
874 2679 1121 2741 ectum
1175 2667 1581 2756 odoratum,
1639 2668 2097 2750 attrahatur;
2151 2668 2277 2762 qui
2336 2679 2578 2741 motus
2616 2669 2805 2742 aeris

743 2792 1008 2853 ventus
1042 2792 1176 2869 est,
1212 2792 1289 2852 et
1322 2804 1368 2852 a
1397 2792 1642 2869 vento,
1699 2780 1824 2876 qui
1879 2779 2161 2875 spirans
2213 2780 2310 2853 ab
2366 2781 2654 2876 objecto
2698 2782 2803 2854 illi

747 2892 1110 2965 secundus
1144 2903 1280 2980 est,
1317 2903 1652 2987 augetur.

490 3022 719 3121 ⁰3⁸3„-
854 3014 963 3078 15.
1020 3004 1240 3079 Quod
1272 3026 1602 3100 corpora,
1657 3003 1733 3076 in
1769 3003 2031 3098 quibus
2080 3003 2372 3075 aetheris
2424 3003 2802 3077 minimum

590 3152 698 3199 «με
745 3116 1186 3205 continetur,
1265 3125 1351 3188 ut
1406 3115 1682 3213 lapides
1730 3126 1806 3187 et
1873 3114 2190 3203 metalla,
2257 3115 2498 3188 minus
2558 3117 2802 3190 oleant

327 3339 367 3378 ‘¹
403 3331 608 3380 mmm
745 3354 987 3414 motus
1021 3341 1410 3414 odorifieus
1443 3339 1832 3413 fluidarum
1864 3339 2183 3436 partium
2218 3339 2534 3412 solarum
2560 3353 2802 3415 motus

743 3466 878 3543 est,
914 3479 1080 3552 quae
1111 3465 1382 3550 partes,
1419 3453 1481 3526 si
1515 3476 1732 3550 quem
1766 3463 2044 3527 motum
2088 3453 2364 3526 habent
2396 3477 2442 3525 a
2471 3455 2801 3549 partibus

745 3566 945 3640 duris
1000 3567 1077 3639 in
1136 3567 1399 3663 quibus
1451 3566 1945 3655 continentur,
2001 3565 2311 3638 eundem
2361 3578 2616 3662 aperto
2648 3569 2802 3640 aeri

744 3680 1286 3753 communicant
1320 3689 1395 3751 et
1428 3678 1522 3753 ad
1556 3703 1908 3775 organum
1943 3690 2369 3776 propagant.
2446 3679 2591 3752 Ubi
2624 3704 2799 3777 ergo

742 3791 1026 3865 nullum
1080 3791 1439 3864 inclusum
1502 3802 1615 3863 est
1665 3791 1994 3882 fluidum,
2050 3803 2133 3864 ut
2182 3791 2262 3864 in
2295 3791 2629 3883 metaIIiS,
2683 3794 2799 3866 vel

741 3906 873 3978 ubi
905 3905 1213 3978 fluidum
1245 3904 1525 3977 nullum
1579 3928 1628 3977 a
1670 3904 2000 4002 partibus
2054 3904 2253 3978 duris
2298 3916 2576 3978 motum
2608 3908 2799 3979 acci·

740 4018 976 4114 piunt,
996 4027 1085 4090 ut
1109 4017 1185 4089 in
1213 4016 1575 4113 lapidibus
1598 4017 1723 4111 qui
1743 4016 1907 4090 duri
1935 4027 2106 4090 sunt
2129 4039 2260 4113 per
2286 4017 2793 4108 accretionem,

740 4130 983 4203 nullus
1017 4129 1161 4203 erit
1192 4128 1395 4202 odor.
1498 4127 1755 4225 Itaque
1789 4140 1867 4201 et
1898 4152 2110 4226 aqua,
2160 4151 2323 4226 quae
2354 4128 2635 4202 nullum
2667 4140 2796 4204 aut

741 4242 1124 4316 minimum
1174 4241 1401 4314 habet
1432 4239 1755 4336 partium
1807 4251 2110 4328 motum,
2163 4239 2460 4314 odorem
2517 4241 2796 4313 nullum

736 4354 983 4429 habet.
1086 4353 1363 4427 Eadem
1396 4363 1642 4425 autem
1695 4376 1910 4447 aqua,
1966 4353 2029 4426 si
2062 4377 2108 4425 a
2139 4352 2413 4427 semine
2447 4366 2523 4427 et
2554 4354 2794 4428 calore
