3182 5102
568 495 698 561 xlvi
1122 518 1291 562 vrrffi
1325 519 1696 564 nonnum-v„
1728 519 2151 565 anemurum,

568 707 713 750 cum
759 698 899 770 post
949 685 1290 749 triennium
1340 683 1716 771 perfecisset,
1769 708 1915 750 cum
1959 686 2180 751 eodem
2227 687 2293 750 in
2349 685 2619 751 Galliam
2665 700 2744 753 et*

570 818 817 884 Italiam
846 834 912 884 et
939 819 1057 885 viae
1079 835 1144 885 et
1172 821 1319 885 vitae
1346 821 1479 885 dux
1506 822 1940 909 peregrinatus
1968 837 2082 889 est.
2172 822 2350 888 Dum
2379 818 2731 889 moraretur

572 953 842 1032 Parisiis,
888 915 1195 1042 principia
1221 957 1496 1021 scientiae
1528 958 1829 1022 naturalis
1859 958 2233 1045 investigare
2261 960 2472 1046 coepit.
2563 961 2727 1025 Cum

566 1111 714 1154 vero
753 1090 890 1155 haec
932 1089 999 1153 in
1047 1104 1272 1155 natura
1300 1104 1365 1155 et
1394 1091 1692 1156 varietate
1733 1106 2017 1157 motuum
2060 1094 2522 1172 contineantur,
2555 1117 2730 1181 quae-

565 1226 709 1293 sivit
737 1226 1040 1312 imprimis
1070 1225 1270 1313 qualis
1297 1241 1504 1290 motus
1526 1227 1578 1291 is
1607 1250 1739 1292 esse
1756 1243 1980 1314 posset,
2008 1230 2118 1315 qui
2140 1229 2328 1294 efficit
2355 1229 2727 1306 sensionem,

567 1362 975 1440 intellectum,
1026 1362 1480 1449 phantasmata,
1534 1363 1813 1451 aliasque
1861 1367 2272 1453 proprietates
2323 1365 2686 1430 animalium
2709 1391 2743 1444 3.

564 1500 848 1588 cogitatis
875 1501 1020 1577 suis,
1051 1521 1197 1563 cum
1229 1499 1482 1576 Marino
1509 1499 1874 1579 Mersenno,
1918 1503 2156 1567 ordinis
2181 1503 2619 1579 Minimorum‚
2661 1502 2728 1565 in

563 1636 734 1700 omni
752 1658 983 1724 genere
1004 1634 1413 1722 philosophiae
1429 1637 1862 1716 versatissimo,
1883 1644 2138 1727 viroque
2159 1646 2430 1725 optim&-
2447 1637 2729 1724 quotidie

562 1771 1052 1836 communicatis.
1141 1771 1269 1834 An.
1307 1769 1499 1837 Dom.
1538 1775 1723 1849 1638,
1771 1795 1917 1837 cum
1962 1772 2201 1859 pupillo
2229 1795 2343 1837 suo
2378 1775 2576 1857 (nunc
2618 1794 2730 1858 pa-

562 1907 774 1989 trono)
810 1908 876 1971 in
908 1906 1209 1995 Angliam
1238 1929 1541 1984 reversuS,
1573 1907 1642 1970 in
1671 1908 1807 1994 ejus
1849 1907 2086 1972 familia
2112 1907 2410 1985 convixit,
2444 1907 2729 1973 instituto

560 2042 813 2107 interim
882 2065 1027 2107 cum
1102 2042 1450 2109 Mersenno
1508 2044 1833 2131 proedicto,
1907 2043 1987 2109 de
2051 2045 2240 2109 rebus
2315 2043 2725 2121 naturalibus,

559 2178 876 2264 epistolari
905 2180 1298 2245 commercio.
1388 2179 1644 2245 Interea
1676 2181 1867 2257 Scoti,
1899 2179 2174 2266 depulsis
2202 2179 2524 2266 episcopis,
2555 2201 2728 2244 sum-

559 2324 778 2379 serunt
804 2337 992 2383 ,arma
1033 2330 1253 2381 contra
1297 2339 1531 2403 regem,
1585 2316 1940 2381 faventibus
1989 2316 2178 2379 etiam
2229 2315 2533 2380 ministris
2581 2314 2725 2394 illis,

560 2450 669 2536 qui
714 2451 918 2515 vocari
961 2450 1163 2517 solent
1209 2451 1697 2539 Presbyteriani.
1787 2451 2013 2538 Itaque
2054 2465 2463 2515 convocatum
2513 2464 2608 2516 est
2656 2451 2724 2515 in

561 2587 821 2674 Anglia-
854 2587 1347 2654 Parliamentum
1406 2589 1563 2654 illud
1622 2589 2032 2667 notissimum,
2081 2588 2255 2675 quod
2312 2588 2725 2654 inchoabatur

558 2727 597 2787 3
632 2722 797 2789 Nov.
846 2727 1028 2788 1640.
1118 2723 1221 2788 Ex
1251 2725 1325 2789 iis
1354 2747 1499 2811 quae
1541 2726 1607 2789 in
1661 2725 2083 2790 Parliamento
2127 2726 2328 2790 tribus
2372 2740 2722 2812 quatuorve

556 2856 778 2923 diebus
825 2859 1042 2946 primis
1091 2859 1377 2925 consulta
1431 2860 1694 2940 viderat,
1777 2861 2012 2927 bellum
2069 2860 2252 2925 civile
2306 2861 2604 2947 ingruere
2657 2875 2724 2926 et

559 3009 808 3060 tantum
849 3005 979 3059 non
1025 2994 1241 3060 adesse
1292 2995 1586 3074 sentiens,
1641 2995 1857 3061 retulit
1901 3020 1968 3061 se
2023 3019 2237 3061 rursus
2293 2996 2360 3058 in
2422 2994 2718 3074 Galliam,

554 3134 954 3199 scientiarum
982 3132 1191 3198 studio
1223 3132 1477 3198 Parisiis
1526 3135 1723 3200 tutius
1775 3143 2124 3211 vacaturus,
2172 3156 2317 3199 cum
2350 3132 2718 3211 Mersenno,

559 3268 905 3346 Gassendo,
936 3267 1197 3356 aliisque
1226 3269 1372 3333 viris
1400 3270 1689 3357 egregiis,
1733 3284 1991 3356 propter
2031 3269 2467 3346 eruditionem,
2500 3283 2565 3334 et
2591 3270 2720 3335 vim

556 3403 624 3466 in
654 3404 1083 3469 ratiocinando
1112 3403 1549 3470 celeberrimis.
1642 3407 1808 3471 Cum
1822 3407 1958 3492 jam
1991 3405 2244 3470 Parisiis
2272 3421 2505 3493 ageret,
2539 3404 2719 3470 libel-

553 3538 686 3604 lum
716 3540 959 3625 scripsit
986 3543 1171 3608 rebus
1187 3546 1646 3627 per-miscendis
1669 3548 1935 3623 natumss
1966 3545 2067 3607 De
2094 3544 2260 3618 Cive,
2293 3562 2479 3628 quem
2504 3555 2718 3626 postea

550 3675 763 3740 revisit
789 3689 855 3739 et
881 3676 1093 3752 auxit3
1124 3698 1251 3762 quo
1280 3676 1458 3762 quasi
1489 3690 1791 3762 tempore,
1812 3673 2301 3762 praevalentibus
2317 3674 2716 3741 ‘Parliamen-

552 3810 743 3887 tariis,
796 3808 977 3873 multi
1006 3831 1225 3874 eorum
1257 3810 1375 3896 qui·
1396 3826 1606 3897 partes
1636 3811 1839 3897 regias
1868 3811 2118 3897 sequuti
2156 3825 2357 3889 erant,
2404 3825 2471 3876 et
2497 3812 2565 3876 in
2594 3811 2716 3877 illis

557 3944 860 4031 Princeps
912 3944 1153 4010 Walliae
1210 3946 1349 4032 (qui
1400 3969 1570 4012 nunc
1624 3947 1900 4035 regnat),
1956 3947 2227 4012 Parisios
2254 3948 2713 4013 confluxerunt.

560 4081 882 4152 Statuerat
909 4082 1075 4147 circa
1104 4081 1271 4146 idem
1308 4097 1573 4170 tempus,
1623 4085 1874 4149 hortatu
1920 4084 2104 4149 amici
2133 4084 2458 4170 cujusdam
2485 4084 2712 4150 nobilis

553 4216 843 4283 Occitani
872 4218 1144 4305 migrare
1174 4219 1236 4282 in
1283 4219 1694 4298 Occitaniam,
1747 4236 1814 4286 et
1851 4220 2234 4307 praemiserat
2256 4222 2390 4306 jam
2421 4244 2565 4309 quae
2593 4222 2714 4287 sibi

677 4431 706 4489 †
742 4429 851 4478 Hoc
869 4430 929 4477 ab
951 4430 1118 4479 eodem
1141 4431 1286 4479 etiam
1309 4432 1537 4481 deletum.
1809 4431 1834 4497 ζ
1871 4433 1987 4479 Haec
2009 4434 2068 4480 ab
2089 4432 2255 4482 eodem
2278 4433 2571 4496 interposita.
