3182 5102
529 444 635 506 xiv
1276 463 1427 506 vrrs
1456 462 1615 508 Τιιο.
1649 462 1924 506 nonnas.

531 629 850 713 (adhibitis
898 629 1444 716 grammaticorum
1490 628 1828 693 celebrium
1872 629 2356 722 commentariis)
2405 629 2669 693 versavit

524 763 889 851 diligentem
933 786 1060 829 non
1089 778 1160 828 ut
1187 764 1428 841 floride,
1476 764 1584 828 sed
1629 777 1700 828 ut
1745 763 1973 829 Latine
2016 779 2221 850 posset
2269 765 2555 842 scribere,
2607 780 2670 829 et

524 901 653 964 vim
696 900 1024 965 verborum
1072 900 1353 988 cogitatis
1395 913 1843 987 congruentem
1888 900 2201 978 invenire3
2246 900 2455 987 itaque
2482 902 2671 966 verba

525 1035 871 1122 disponere,
902 1050 974 1100 ut
1002 1035 1186 1101 lectio
1214 1035 1539 1122 perspicua
1566 1049 1631 1098 et
1657 1033 1850 1098 facilis
1879 1049 2058 1098 esset.
2146 1033 2323 1099 Inter
2350 1034 2671 1102 historicos

529 1170 784 1235 Graecos
826 1168 1262 1258 Thucydidem
1302 1193 1436 1258 prae
1479 1171 1719 1236 caeteris
1764 1170 2002 1247 dilexit,
2051 1186 2115 1235 et
2142 1170 2350 1236 vacuis
2393 1172 2562 1237 horis
2606 1174 2671 1236 in

524 1329 873 1372 sermonem
903 1307 1240 1395 Anglicum
1262 1307 1562 1394 paulatim
1584 1328 1951 1371 conversum
1973 1328 2116 1370 cum
2138 1307 2442 1373 nonnulla
2463 1308 2667 1387 laude,

525 1444 690 1508 circa
730 1466 966 1508 annum
1007 1442 1241 1508 Christi
1290 1447 1472 1521 1628,
1520 1442 1585 1505 in
1638 1441 1959 1528 publicum
2010 1440 2246 1519 edidit3
2290 1464 2365 1506 eo
2410 1443 2556 1521 fine,
2600 1459 2672 1508 ut

524 1580 776 1666 ineptiae
807 1580 1384 1648 Democraticorum
1428 1579 1910 1644 Atheniensium
1939 1579 2295 1643 concivibus
2341 1579 2466 1644 suis
2487 1594 2660 1666 pate-

525 1716 767 1780 fierent.
859 1715 954 1781 Eo
993 1739 1159 1780 anno
1205 1714 1432 1782 Cosz
1467 1715 1791 1792 Devoniae,
1824 1715 1924 1779 cui
1968 1717 2102 1801 jam
2132 1717 2425 1781 servierat
2452 1716 2673 1804 viginti

527 1877 741 1932 annos,
772 1855 938 1920 diem
981 1855 1154 1932 obiit,
1196 1867 1373 1942 patre
1416 1854 1470 1938 ej
1480 1876 1549 1917 us
1590 1853 1846 1918 biennio
1874 1841 2035 1918 =ante
2081 1851 2395 1919 defuncto.
2484 1853 2673 1918 Anno

527 2007 845 2079 sequente,
877 1993 1149 2079 quierat
1181 1991 1410 2056 Christi
1461 1994 1644 2067 1629,
1694 2011 1839 2053 cum
1887 1990 2192 2076 attigisset
2241 2012 2477 2054 annum
2520 2012 2674 2077 qua-

527 2128 963 2216 dragesimum,
1034 2141 1286 2215 rogatus
1328 2149 1367 2190 a
1409 2125 1790 2191 nobilissimo
1846 2126 1979 2189 viro
2038 2125 2314 2191 Domino
2374 2126 2673 2191 Gervasio

532 2265 786 2341 Cliston,
808 2280 879 2329 ut
899 2264 1084 2329 vellet
1104 2263 1304 2328 filium
1327 2285 1507 2328 suum
1524 2262 1976 2327 adolescentem
1995 2262 2275 2326 comitari
2295 2262 2357 2324 in
2379 2260 2671 2339 Galliam,

527 2400 765 2485 accepit
792 2399 1227 2465 conditionem.
1319 2399 1394 2464 In
1438 2398 1938 2486 peregrinatione
1985 2396 2090 2462 illa
2133 2376 2437 2483 inspicere
2481 2398 2671 2483 coepit

528 2535 593 2600 in
628 2534 953 2602 Elementa
984 2535 1289 2614 Euclidis3
1338 2550 1401 2601 et
1444 2535 1782 2601 delectatus
1821 2533 2114 2599 methodo
2143 2531 2327 2612 illius,
2373 2556 2501 2599 non
2547 2549 2673 2600 tarn

528 2672 611 2736 ob
634 2672 1015 2737 theoremata
1043 2671 1165 2748 illa,
1199 2694 1387 2759 quam
1415 2673 1497 2736 ob
1526 2686 1725 2736 artem
1754 2667 2184 2745 ratiocinandi,
2209 2667 2675 2756 diligentissime

529 2809 809 2896 perlegit.
901 2810 1091 2874 Anno
1111 2809 1345 2874 Christi
1374 2812 1555 2885 1631,
1581 2820 1901 2873 revocatus
1931 2819 2025 2870 est
2053 2805 2118 2868 in
2141 2804 2439 2869 familiam
2464 2807 2675 2872 Comi-

529 2946 694 3009 tissae
746 2945 1070 3022 Devoniae‚
1121 2959 1193 3009 ut
1244 2944 1442 3009 filium
1494 2965 1678 3008 suum
1728 2942 2039 3007 Comitem
2084 2941 2408 3019 Devonioe,
2454 2958 2674 3009 natum

528 3105 724 3148 annos
760 3087 857 3161 13,
891 3084 957 3147 in
985 3082 1178 3148 literis
1206 3083 1560 3159 instrueret,
1603 3103 1790 3169 quem
1830 3081 2037 3158 etiam,
2068 3079 2313 3145 circiter
2336 3081 2674 3147 triennium

529 3234 686 3306 post,
718 3220 1043 3285 comitatus
1071 3234 1165 3285 est
1206 3220 1270 3283 in
1318 3218 1589 3285 Galliam
1629 3233 1695 3282 et
1739 3217 2005 3295 Italiam,
2059 3217 2405 3282 studiorum
2436 3220 2571 3305 ejus
2611 3235 2677 3285 et

530 3357 824 3420 itinerum
852 3370 1074 3421 rector.
1163 3356 1336 3420 Dum
1366 3370 1714 3421 moraretur
1751 3354 2023 3432 Parisiis,
2069 3355 2374 3441 principia
2401 3355 2674 3420 scientiae

529 3491 827 3557 naturalis
850 3492 1220 3580 investigare
1247 3493 1453 3579 coepit.
1544 3492 1709 3567 Quae
1737 3513 1883 3555 cum
1911 3491 1976 3554 in
2010 3504 2236 3556 natura
2277 3505 2340 3555 et
2368 3492 2664 3557 varietate

530 3643 812 3693 motuum
856 3629 1161 3693 contineri
1204 3629 1403 3706 sciret,
1446 3628 1731 3716 quaesivit
1771 3627 2076 3713 inprimis,
2129 3626 2328 3714 qualis
2378 3641 2582 3692 motus
2625 3628 2676 3692 is

530 3787 661 3829 esse
703 3777 924 3850 posset,
974 3764 1083 3850 qui
1128 3763 1313 3828 efficit
1362 3764 1727 3840 sensionem,
1774 3762 2179 3841 intellectum,
2224 3763 2670 3849 phantasmata,

524 3885 804 3987 'aliasque
827 3900 1231 3986 proprietates
1252 3900 1647 3978 animalium3
1692 3900 1974 3988 cogitatis
1995 3902 2120 3967 suis
2136 3923 2279 3965 cum
2305 3898 2672 3965 Reverendo

536 4035 724 4101 Patre
750 4034 1004 4100 Marino
1031 4034 1390 4114 Mersenno,
1422 4036 1658 4102 ordinis
1680 4036 2115 4114 Minimorum,
2147 4037 2214 4100 in
2243 4036 2413 4101 omni
2441 4058 2671 4123 genere

530 4172 935 4259 philosophiae
962 4171 1371 4237 versatissimo
1399 4173 1658 4259 viroque
1703 4172 1957 4258 optimo,
2006 4171 2283 4259 quotidie
2326 4171 2673 4235 communi-

531 4308 702 4372 catis.
795 4308 984 4372 Anno
1009 4306 1242 4372 Christi
1271 4310 1429 4372 1637
1463 4330 1607 4372 cum
1636 4321 1898 4393 patrono
1921 4330 2033 4371 suo
2056 4307 2121 4370 in
2149 4305 2444 4393 Angliam
2467 4306 2670 4384 rediit,

533 4456 599 4508 et
624 4442 792 4529 apud
821 4442 996 4508 illum
1025 4442 1250 4508 mansit
1265 4466 1282 4520 3
1327 4442 1496 4507 unde
1532 4441 1615 4508 de
1657 4443 1843 4507 rebus
1885 4441 2271 4509 naturalibus
2310 4443 2675 4507 commercia
