3182 5102
678 417 769 481 56
1139 433 1666 486 compo-mmo
1709 435 1894 486 s1vn
1937 433 2258 486 LofflcA.

322 604 497 718 PM?
533 604 578 653 1·
783 597 930 671 Sed
982 622 1130 671 non
1178 600 1470 673 videtur
1528 602 1622 674 ab
1675 603 1818 675 hoc
1876 625 2148 699 genere
2210 599 2740 696 sophismatum

316 744 595 775 s-—s——ae
681 723 971 783 tantum
1002 711 1311 807 periculi
1350 736 1530 803 esse,
1558 726 1647 787 ut
1673 714 1979 788 ulterius
2014 739 2103 787 ea
2125 714 2472 810 prosequi
2501 737 2742 811 operae

679 824 1002 920 pretium
1037 824 1156 897 sit.

261 936 527 1064 :syiffgssmi
552 1015 612 1048 ex
793 945 899 1009 12.
954 938 1043 1009 In
1109 938 1501 1033 aequivocis
1586 950 1828 1011 autem
1915 937 2206 1011 fallacia
2272 937 2517 1034 aliqua
2584 960 2743 1010 esse

263 1066 650 1129 aequivocatione·
681 1059 951 1145 potest,
979 1073 1128 1121 non
1163 1061 1410 1122 tamen
1445 1050 1520 1124 in
1550 1050 1640 1123 iis
1669 1075 1834 1147 quae
1859 1075 1993 1148 per
2017 1074 2094 1124 se
2121 1050 2510 1123 manifesta
2536 1061 2740 1133 sunt;

682 1186 922 1259 neque
949 1162 1025 1235 in
1060 1163 1531 1259 metaphoris,
1560 1187 1733 1236 nam
1760 1189 1905 1237 vox
1938 1163 2400 1261 metaphora,
2432 1163 2742 1236 transla-

684 1276 960 1349 tionem
999 1276 1316 1349 nominis
1352 1277 1445 1349 ab
1499 1301 1649 1349 una
1691 1301 1773 1349 re
1821 1275 1918 1349 ad
1949 1276 2149 1350 aliud
2189 1277 2350 1372 ipsa
2379 1275 2740 1372 praedicit.

686 1389 874 1462 Sunt
933 1400 1181 1463 autem
1241 1390 1638 1486 aequivoca,
1706 1414 1844 1463 nec
1912 1414 2000 1462 ea
2064 1388 2514 1486 perobscura
2579 1413 2743 1485 quae

683 1515 930 1576 tamen
957 1503 1223 1576 fallunt
1249 1503 1668 1598 aliquando,
1694 1516 1780 1577 ut
1804 1503 1882 1576 in
1912 1504 2052 1576 hac
2078 1502 2740 1597 argumentatione,

670 1616 1012 1713 pertinet
1048 1615 1157 1689 ad
1171 1616 1733 1714 philosophiam
1754 1616 2108 1713 primam,
2131 1614 2495 1687 tractatio
2519 1615 2743 1713 prin-

683 1729 1071 1826 cipiorum,
1137 1729 1268 1803 sed
1320 1729 1648 1827 primum
1710 1731 2020 1801 omnium
2074 1727 2542 1826 principiam
2602 1738 2741 1819 est,

685 1840 880 1913 idem
915 1866 1056 1913 non
1092 1841 1315 1914 simul
1353 1867 1539 1930 esse,
1587 1853 1664 1916 et
1711 1867 1852 1915 non
1905 1867 2069 1914 6336
2087 1870 2117 1925 ;
2156 1841 2500 1938 pertinet
2554 1865 2742 1939 ergo

685 1954 795 2028 ad
817 1954 1376 2053 philosophiam
1393 1956 1744 2053 primam,
1789 1965 2130 2028 tractare
2158 1979 2254 2026 an
2279 1951 2471 2026 idem
2485 1954 2744 2050 possit

685 2067 905 2140 simul
962 2093 1126 2140 esse
1185 2078 1260 2140 et
1314 2092 1454 2140 non
1514 2094 1700 2141 esse.
1835 2066 2346 2165 AEquivocatio
2413 2065 2492 2137 in
2562 2090 2743 2139 voce

670 2180 1066 2279 principio
1106 2181 1470 2255 fallaciam
1513 2182 1763 2271 habet,
1815 2206 1985 2255 nam
2034 2182 2248 2254 initio
2299 2179 2745 2276 metaphysi-

687 2317 939 2366 corum
971 2293 1098 2366 ubi
1140 2293 1411 2367 dicitur
1446 2296 1965 2369 tractationem
2010 2293 2540 2391 principiorum
2577 2316 2744 2388 per-

684 2406 921 2479 tinere
945 2407 1040 2480 ad
1061 2406 1443 2480 scientiam
1466 2408 1804 2504 primam,
1824 2431 1958 2504 per
1972 2407 2372 2504 principia
2398 2405 2744 2502 intelligit

684 2518 1142 2593 Aristoteles
1176 2545 1450 2594 causas
1483 2545 1753 2613 rerum,
1807 2535 1882 2596 et
1936 2521 2136 2595 entia
2190 2521 2525 2617 quaedam
2580 2543 2743 2615 quae

681 2645 901 2706 vocat
932 2633 1191 2730 prima.
1248 2634 1393 2706 Sed
1426 2634 1553 2707 ubi
1586 2635 2165 2731 propositionem
2199 2634 2397 2707 illam
2432 2633 2744 2730 primam

685 2744 865 2818 dicit
948 2769 1106 2818 esse
1185 2747 1654 2843 principium,
1743 2747 2091 2846 intelligit
2154 2747 2598 2845 principium
2667 2758 2744 2819 et

686 2883 980 2931 causam
1014 2860 1482 2956 cognitionis,
1533 2861 1613 2934 id
1647 2872 1783 2947 est,
1817 2860 2208 2934 verborum
2259 2860 2741 2949 intellectum,

686 2994 831 3066 quo
886 2971 948 3043 si
1009 2971 1172 3067 quis
1235 2985 1482 3046 careat
1541 2997 1637 3045 ne
1693 2973 1940 3047 doceri
1996 2974 2288 3069 quidem
2346 2972 2741 3069 quidquam

684 3096 951 3179 potest.

334 3222 589 3297 eaptjonea
795 3206 904 3269 13.
961 3196 1355 3294 Captiones
1395 3212 1642 3272 autem
1692 3200 2207 3295 sophistarum,
2264 3210 2487 3295 atque
2538 3223 2743 3295 scep-

329 3287 610 3413 {ssffim
685 3309 1024 3399 ticorum,
1061 3311 1323 3405 quibus
1358 3310 1690 3384 deridere
1727 3325 1856 3385 aut
1896 3335 2322 3409 oppugnare
2355 3311 2742 3384 veritatem

332 3416 582 3529 {naefssffn
687 3423 860 3496 olim
895 3424 1091 3497 soliti
1127 3436 1321 3513 sunt,
1353 3425 1619 3498 vitium
1665 3425 2095 3522 plerumque
2145 3424 2540 3512 habebant,
2590 3449 2742 3498 non

334 3561 558 3659 ἔξω
687 3537 774 3609 in.
817 3538 1076 3627 forma,
1132 3537 1263 3610 sed
1318 3538 1393 3610 in
1441 3538 1753 3611 materia
1809 3538 2257 3636 syllogismi3
2317 3550 2394 3612 et
2452 3537 2739 3636 decepti

331 3675 614 3739 syllogismi.
687 3652 948 3748 saepius
993 3652 1294 3725 fuerunt
1340 3676 1560 3748 quam
1605 3651 2093 3748 deceperunt3
2146 3677 2318 3726 nam
2366 3652 2546 3724 illud
2601 3652 2742 3724 Ζ6-

688 3766 901 3837 nonis
936 3765 1220 3838 celebre
1263 3776 1777 3862 argumentum
1824 3779 2086 3839 contra
2117 3777 2423 3856 motum,
2476 3765 2743 3838 innite-

687 3880 906 3951 batur
937 3879 1110 3951 huic
1144 3878 1655 3974 propositioni,
1692 3879 2057 3977 quicquid
2087 3880 2327 3953 dividi
2355 3888 2612 3977 potest
2664 3878 2742 3949 in

673 4001 951 4091 partes
1005 4016 1297 4063 numero
1347 3991 1687 4086 infinitas
1743 4001 1857 4065 est
1907 3991 2296 4087 infinitum,
2348 4017 2567 4089 quam
2621 3991 2743 4064 ille

684 4102 942 4200 procul
975 4104 1195 4176 dubio
1233 4103 1519 4176 censuit
1553 4127 1711 4176 esse
1744 4129 2016 4195 veram,
2069 4119 2315 4179 tamen
2357 4105 2542 4178 falsa
2576 4117 2689 4178 est
2720 4137 2739 4188 ;

687 4242 855 4290 nam
891 4217 1116 4289 dividi
1165 4240 1381 4312 posse
1430 4216 1505 4288 in
1539 4229 1787 4313 partes
1822 4217 2145 4291 infinitas
2182 4219 2364 4291 nihil
2397 4218 2597 4291 aliud
2631 4228 2743 4289 est

683 4356 903 4441 quam
934 4329 1158 4403 dividi
1194 4354 1407 4425 posse
1443 4331 1519 4402 in
1563 4343 1810 4425 partes
1846 4344 2315 4427 quotcunque
2351 4330 2513 4427 quis
2541 4329 2738 4401 velit.
