3182 5102
750 452 893 516 262
1231 463 1335 513 nn
1376 460 1887 513 RA'rlonus
1926 460 2316 511 MOTUUM.

405 633 578 747 ¹³1⁴}ss
605 633 703 681 ¹¹¹·
750 646 997 732 partes
1024 632 1283 730 liquidi
1304 631 1399 705 a'd
1431 632 1596 703 loca
1618 630 2047 726 posteriora.
2154 630 2412 726 Itaque
2450 656 2616 703 cum
2651 657 2822 728 spa-

421 732 687 804 “--ν’-’
750 751 936 823 tium
972 772 1188 822 omne
1223 756 1680 843 supponatur
1704 744 2025 839 plenum,
2063 768 2358 816 necesse
2388 757 2503 817 est
2537 758 2622 819 ut
2655 747 2821 819 aliae

755 861 1171 937 succedant.
1278 859 1629 933 Similiter
1682 858 1768 930 fit
1816 879 2068 928 versus
2120 857 2182 929 L
2232 869 2307 930 et
2346 858 2425 929 M
2462 874 2539 931 et
2590 859 2686 949 N,
2743 874 2826 934 et

757 1000 1048 1074 quaqua
1077 999 1391 1048 versum.
1496 970 2155 1044 Retrocedentibus
2191 982 2438 1044 autem
2484 975 2822 1068 partibus

757 1089 1013 1187 liquidi
1064 1087 1552 1184 undequaque
1610 1084 1987 1181 proximiS,
2051 1108 2350 1158 necesse
2418 1086 2640 1159 etiam
2705 1100 2824 1161 est

760 1202 1048 1300 regredi
1084 1201 1305 1275 etiam
1333 1211 1577 1297 partes
1612 1199 1773 1271 illas
1809 1221 1972 1293 quae
2006 1198 2357 1294 proximis
2393 1212 2567 1273 sunt
2597 1225 2827 1298 prox-

760 1320 947 1406 imae,
1005 1328 1102 1403 et,
1159 1315 1539 1412 supposito
1609 1312 1853 1409 plen0,
1910 1312 2088 1385 alias
2143 1325 2392 1407 partes
2442 1313 2519 1385 in
2571 1339 2829 1388 earum

760 1432 925 1504 loca
999 1428 1459 1509 subintrare3
1539 1436 1617 1498 et
1691 1424 1797 1498 sic
1867 1424 2210 1522 deinceps
2277 1425 2356 1499 in
2430 1426 2829 1502 infinitum.

764 1545 1015 1617 Partes
1077 1566 1252 1638 ergo
1309 1563 1561 1613 omnes
1618 1537 1878 1635 liquidi
1933 1537 2155 1610 etiam
2208 1539 2528 1613 minimae
2582 1541 2831 1616 locum

763 1667 1075 1730 mutant.
1181 1653 1404 1729 Quod
1454 1662 1634 1740 erat,
1691 1662 1829 1724 etc.
1948 1651 2425 1724 Manifestum
2487 1653 2658 1727 hinc
2713 1670 2837 1731 est

764 1783 1044 1843 motum
1121 1766 1549 1864 simplicem,
1623 1764 1773 1838 sive
1843 1763 2294 1853 circularem,
2371 1765 2523 1839 sive
2602 1767 2835 1843 alium

765 1907 1045 1972 eorum,
1077 1906 1240 1978 quae
1290 1891 1494 1952 mota
1531 1879 1698 1952 loca
1730 1902 1863 1952 sua
1896 1890 2253 1975 perpetuo
2285 1891 2657 1975 repetunt,
2692 1908 2835 1979 pro

763 1996 1152 2070 velocitate
1187 2019 1321 2069 sua
1355 2004 1431 2066 et
1467 1992 1851 2083 linearum,
1883 2016 2063 2089 quas
2096 1991 2520 2066 describunt
2550 1998 2836 2091 majore

762 2111 878 2182 vel
911 2110 1193 2182 minore
1230 2105 1758 2203 magnitudine,
1810 2104 1960 2177 vim
2010 2105 2277 2178 habere
2325 2108 2675 2202 majorem
2711 2112 2837 2183 vel

764 2223 1122 2298 minorem
1173 2232 1421 2318 partes
1474 2219 1922 2293 obstantium
1973 2243 2363 2315 corporum
2400 2219 2835 2319 dissipandi.

767 2336 1020 2409 Potest
1053 2347 1301 2408 autem
1347 2344 1425 2405 et
1473 2332 1825 2405 velocitas
1858 2332 2176 2405 maxima
2220 2333 2298 2406 in
2351 2334 2668 2408 circuitu
2693 2336 2841 2410 mi-

765 2449 991 2538 nimo,
1053 2461 1126 2522 et
1183 2446 1486 2521 minima
1538 2445 1615 2518 in
1675 2445 1992 2518 maximo
2047 2444 2376 2542 intelligi,
2431 2459 2507 2520 et
2548 2447 2610 2521 si
2645 2474 2838 2545 opus

759 2564 1008 2649 fuerit,
1039 2561 1375 2660 supponi.
2494 2633 2509 2652 ,

352 2700 403 2748 si
439 2699 675 2761 liquidum
867 2688 939 2751 4.
995 2676 1356 2764 Secund0,
1385 2673 1764 2768 supposito
1790 2684 1996 2745 motu
2030 2672 2172 2746 hoc
2194 2673 2519 2769 simplice
2540 2674 2618 2748 in
2638 2701 2835 2768 aere,

348 2771 743 2892 ἷῖζῖᾗῗζὲᾞζιῗ
768 2816 981 2889 aqua,
1018 2791 1250 2864 aliove
1283 2786 1585 2884 liquido,
1625 2798 1870 2882 partes
1906 2787 2062 2882 ejus
2119 2786 2399 2882 liquidi,
2452 2813 2617 2884 quae
2669 2815 2837 2864 cor-

352 2897 458 2954 mi’
499 2907 680 2957 P¹¹¹¹⁰‘⁸
765 2906 928 3001 pori
955 2901 1282 2977 moventi
1315 2900 1646 2998 proxime
1672 2900 2202 2989 adhaerescunt,
2230 2901 2838 2976 circumferentur

350 2959 573 3022 qualibet
607 2960 659 3006 in
686 2973 742 3006 eo

349 3035 548 3137 {231⁹ss
552 3024 742 3136 ὲὶῗῖζὶ·
769 3018 1026 3091 eodem
1061 3029 1269 3089 motu
1304 3014 1704 3110 eademque
1731 3007 2120 3086 velocitate
2150 3045 2169 3096 ;
2222 3015 2327 3087 ita
2358 3027 2441 3088 ut
2476 3041 2622 3113 quo
2648 3028 2839 3090 tem-

350 3170 462 3231 ,μοι
490 3155 541 3202 11.
564 3164 744 3216 tempo·
767 3155 946 3226 pore
982 3140 1335 3226 punctum
1371 3127 1751 3224 quodlibet
1784 3127 2146 3200 moventis
2182 3152 2391 3201 suum
2437 3131 2839 3204 absolverit

348 3221 746 3332 ἷζδᾝζζᾜξῖ
772 3243 1148 3330 circulum,
1223 3239 1480 3314 eodem
1538 3249 1868 3335 tempore
1936 3241 2280 3336 quaelibet
2342 3267 2514 3338 pars
2573 3243 2838 3340 liquidi

352 3349 606 3462 {tssffium
631 3364 660 3396 ⁸
768 3357 1096 3454 proxime
1144 3352 1470 3427 moventi
1531 3352 1912 3425 adhaerens
1973 3352 2228 3426 circuli
2296 3355 2408 3428 sui
2470 3356 2839 3430 describet

767 3480 1051 3566 partem
1094 3468 1366 3541 circulo
1400 3466 1760 3539 moventis
1794 3465 2081 3562 integro
2116 3469 2489 3563 aequalem.
2544 3470 2837 3543 Descri-

768 3584 917 3671 bet,
970 3583 1294 3678 inquam,
1344 3592 1629 3676 partem
1693 3579 1969 3669 circuli,
2033 3605 2182 3655 non
2244 3583 2596 3656 circulum
2646 3586 2839 3659 inte·

770 3719 986 3791 grum
1021 3721 1038 3772 z
1089 3704 1480 3790 propterea
1514 3692 1716 3789 quod
1769 3717 2021 3765 omnes
2080 3694 2222 3768 illae
2255 3709 2500 3792 partes
2550 3713 2836 3773 motum

773 3832 985 3880 suum
1021 3806 1294 3879 habent
1341 3831 1387 3878 a
1433 3817 1771 3878 movente
1806 3805 1883 3878 in
1938 3807 2210 3881 circulo
2262 3809 2610 3884 interiore
2658 3838 2840 3886 con-

773 3919 1121 4008 centrico,
1179 3929 1254 3991 et
1286 3929 1458 3991 sunt
1493 3918 1932 3990 circulorum
1966 3923 2600 3996 concentricorum
2634 3940 2839 4000 exte-

772 4030 1000 4104 riores
1028 4031 1501 4105 interioribus
1531 4055 1815 4128 semper
1841 4035 2157 4129 majores
2186 4066 2205 4116 ;
2242 4060 2377 4108 nec
2404 4050 2651 4133 potest
2677 4064 2839 4115 esse

772 4158 1017 4218 motus
1068 4145 1460 4241 impressus
1514 4169 1560 4216 a
1619 4156 1959 4218 movente
2018 4147 2193 4236 uno,
2247 4149 2567 4222 velocior
2617 4177 2840 4249 quam

776 4269 889 4328 est
935 4269 1180 4330 motus
1216 4256 1722 4353 imprimentis.
1826 4259 1938 4330 Ex
1985 4283 2132 4356 quo
2166 4259 2602 4358 intelligitur
2637 4267 2843 4362 quod

772 4385 1021 4465 partes
1092 4371 1480 4444 ambientis
1550 4370 1835 4467 liquidi,
1906 4397 1952 4444 a
2022 4375 2404 4469 superficie
2474 4380 2843 4453 moventis
