3182 5102
839 512 945 562 DE
995 512 1374 566 CORPORE
1414 514 1515 564 ET
1552 512 2061 566 AccmEN'rE.
2357 498 2491 564 105

403 675 726 774 physicis
786 675 993 764 illud,
1064 678 1266 775 quod
1330 678 1614 752 factum
1681 691 1818 768 est,
1884 702 2036 751 non
2104 676 2295 747 ἐκεῖνὰ
2364 672 2495 748 sed
2549 682 2725 796 ΡΑΡὲδ
2762 682 2835 733 11·

403 791 720 878 ἐκείνινον,
783 801 860 862 et
913 813 1003 863 ex
1050 790 1256 887 ligno
1289 791 1572 865 factum
1606 816 1759 866 non
1797 795 1998 874 ξΰλον
2033 789 2165 863 sed
2202 791 2485 877 ξΰλινον,
2543 782 2809 856 κ-τέ-ν

404 900 484 974 id
517 914 655 987 est,
701 926 853 976 non
886 903 1172 1000 lignum
1205 904 1338 978 sed
1391 905 1718 1002 ligneum
1763 902 2288 1002 appellandum
2322 925 2483 975 esse

406 1027 733 1088 censeat.

505 1139 628 1203 24.
682 1129 1004 1203 Materia
1057 1141 1308 1205 autem
1362 1132 1777 1206 communis
1830 1131 2162 1204 omnium
2214 1153 2489 1219 rerum,
2518 1138 2728 1214 Mpteria
2785 1203 2849 1251 ,d-

407 1267 628 1340 quam
706 1243 1158 1341 philosophi,
1246 1244 1733 1319 Aristotelem
1819 1244 2139 1341 sequuti,
2223 1266 2492 1317 vocare
2516 1220 2687 1268 pum*
2709 1219 2800 1267 ‘³⁰¹

406 1356 648 1429 solent
686 1357 1082 1430 materiam
1121 1357 1481 1454 primam,
1544 1381 1698 1431 non
1734 1369 1850 1431 est
1884 1355 2185 1453 aliquod
2223 1379 2490 1451 corpus

406 1467 838 1542 distinctum
921 1494 966 1543 a
1049 1469 1350 1565 reliquis
1440 1470 1901 1567 corporibus»,
1986 1493 2228 1564 neque
2311 1492 2490 1542 vero

405 1603 638 1653 unum
671 1605 764 1654 ex
796 1582 963 1673 illis,
1002 1582 1184 1679 quid
1217 1607 1395 1680 ergo
1427 1595 1541 1657 est
1571 1582 1598 1656 ?
1651 1607 1936 1657 merum
1961 1606 2284 1664 nomen;
2337 1605 2492 1654 non

405 1704 657 1768 tamen
689 1694 970 1770 frustra
999 1709 1440 1793 usurpatum
1471 1728 1490 1781 ;
1545 1697 1917 1794 significat
1944 1695 2165 1784 enim,
2222 1717 2490 1791 corpus

407 1809 858 1883 considerari
885 1810 1044 1884 sine
1066 1809 1663 1885 consideratione
1691 1812 2194 1908 cujuscunque
2200 1807 2491 1904 sormoe

405 1934 485 1996 et
549 1924 1053 2020 cujuscunque
1122 1922 1555 2012 accidentiS,
1649 1935 1964 2020 excepta
2029 1918 2493 1996 solummodo

406 2036 943 2133 magnitudine,
1014 2037 1168 2110 sive
1236 2037 1696 2126 extensione,
1769 2049 1847 2111 et
1911 2035 2331 2133 aptitudine
2397 2033 2494 2107 ad

405 2149 717 2223 formam
755 2163 830 2223 et
864 2149 1280 2224 accidentia
1314 2150 1785 2246 recipienda;
1840 2150 1948 2223 ita
1979 2160 2067 2221 ut
2100 2149 2163 2221 si
2200 2148 2492 2245 quoties

410 2287 591 2359 opus
620 2275 735 2336 est
759 2263 873 2336 uti
893 2263 1036 2336 hac
1067 2286 1271 2351 voce,
1300 2285 1576 2360 corpus
1595 2261 2074 2360 generaliter
2099 2270 2489 2359 sumptum,

406 2389 705 2451 utamur
734 2377 875 2451 hac
902 2377 1226 2450 materia
1248 2376 1514 2474 prima
1538 2388 1742 2450 recte
1775 2375 2192 2450 fecerimus,
2296 2373 2491 2449 Nam

410 2490 601 2565 sicut
635 2491 698 2565 si
734 2490 898 2587 quis
956 2502 1128 2565 utra
1180 2489 1386 2588 prior
1440 2489 1774 2564 extiterit
1825 2513 2019 2586 aqua
2069 2512 2167 2563 an
2214 2487 2488 2585 glacies

409 2605 768 2694 nesciens,
826 2616 1193 2702 quaereret
1245 2615 1417 2676 utra
1470 2616 1667 2677 esset
1718 2604 2103 2677 ambarum
2155 2603 2487 2691 materia,

411 2720 710 2792 tertiam
720 2720 1043 2815 aliquam
1053 2718 1466 2807 materiam,
1497 2741 1662 2813 quae
1683 2717 1975 2790 illarum
1994 2728 2260 2790 neutra
2269 2729 2487 2805 esset,

416 2855 834 2930 supponere
902 2843 1319 2929 cogeretur,
1405 2831 1512 2904 sic
1581 2832 1709 2927 qui
1774 2831 2161 2904 materiam
2227 2831 2495 2927 quaerit

416 2945 744 3018 omnium
764 2969 1036 3035 rerum,
1073 2945 1300 3018 talem
1325 2967 1743 3041 supponere
1778 2945 2023 3034 debet,
2055 2967 2219 3041 quae
2240 2968 2494 3017 earum

413 3080 664 3131 rerum
696 3082 862 3155 quae
897 3069 1071 3132 sunt
1104 3058 1308 3131 nulla
1341 3057 1485 3142 sit3
1535 3082 1692 3131 non
1748 3069 1864 3132 est
1910 3058 2139 3155 igitur
2184 3057 2496 3131 materia

410 3170 650 3267 prima
691 3195 812 3245 res
864 3171 1154 3267 aliqua;
1207 3171 1523 3267 ideoque
1570 3171 1813 3245 solent
1865 3171 2270 3244 attribuere
2326 3171 2490 3267 ipsi,

413 3307 652 3380 neque
686 3285 1001 3358 formam
1037 3284 1284 3374 ullam,
1331 3307 1573 3380 neque
1608 3285 1808 3357 aliud
1843 3284 2186 3358 accidens
2219 3295 2491 3379 praeter

415 3397 930 3493 quantitatem.
1036 3397 1224 3471 Cum
1281 3409 1529 3471 tamen
1594 3421 1849 3471 omnes
1900 3421 2020 3470 res
2082 3396 2489 3493 singulares

415 3510 564 3583 suis
618 3510 877 3585 formis
943 3524 1020 3586 et
1078 3511 1301 3585 certis
1362 3510 1870 3585 accidentibus
1925 3509 2257 3608 praeditae
2315 3509 2488 3598 sint,

416 3635 530 3696 est
564 3647 740 3720 ergo
794 3624 1109 3698 materia
1153 3624 1394 3721 prima
1427 3646 1696 3721 corpus
1728 3624 2164 3714 universale,
2219 3623 2299 3697 id
2349 3636 2486 3714 est,

416 3760 683 3834 corpus
741 3737 1291 3810 consideratum
1342 3736 1883 3827 universaliter,
1940 3739 2149 3835 cujus
2185 3751 2490 3811 nonest

415 3847 654 3922 forma
717 3850 943 3941 nulla,
1018 3862 1148 3924 aut
1213 3850 1558 3923 accidens
1627 3851 1935 3940 nullum,
2004 3850 2136 3924 sed
2194 3850 2272 3922 in
2342 3875 2487 3947 quo

415 3961 654 4036 forma
720 3975 797 4036 et
863 3964 1302 4054 accidentia,
1363 3977 1638 4061 praeter
1699 3966 2216 4062 quantitatem,
2288 3966 2491 4038 nulla

417 4075 1001 4167 considerantur,
1068 4078 1147 4151 id
1206 4088 1345 4168 est,
1412 4078 1490 4150 in
1550 4079 2271 4173 argumentationem
2336 4103 2489 4152 non

417 4187 881 4264 adhibentur.

516 4312 633 4376 25.
688 4305 800 4377 Ex
859 4314 1033 4377 ante
1096 4303 1314 4377 dictis
1372 4302 1862 4377 demonstrari
1917 4316 2232 4399 possunt
2284 4304 2488 4377 axio-
2506 4306 2693 4434 ‚tfffiffi
2706 4312 2893 4433 {w

418 4428 617 4489 mata
649 4441 738 4490 ea
772 4440 935 4513 (111ξιξ
970 4428 1447 4490 assumuntur
1480 4418 1575 4491 ab
1625 4417 1955 4506 Euclide,
2011 4418 2090 4491 in
2122 4418 2488 4515 principlo
2513 4452 2600 4485 eur
2649 4437 2846 4486 demon.

419 4529 633 4622 primi
670 4530 1014 4604 elementi
1044 4530 1242 4604 circa
1276 4530 1773 4625 aequalitatem
1808 4543 1885 4603 et
1913 4530 2488 4626 inaequalitatem
2516 4509 2731 4550 '‘mun''
