3182 5102
1129 485 1236 538 DE
1273 486 1705 538 ME'rnono.
2356 468 2452 547 73

385 677 548 750 quae
583 675 879 726 causam
913 664 989 724 et
1039 653 1597 749 generationem
1648 652 1927 725 habent
1974 671 2109 748 per
2160 674 2456 723 causam
2519 662 2608 712 ΡΑ
2617 664 2693 711 κς
2729 664 2772 711 1·

385 779 461 839 et
517 766 1077 862 generationem
1132 765 1551 840 definienda
1611 790 1771 839 esse
1825 765 2016 855 dico,
2070 765 2230 837 haec
2284 775 2448 847 est;

383 879 549 952 finis
605 878 1159 952 demonstrandi
1207 893 1321 954 est
1374 904 1763 954 causarum
1821 891 1897 953 et
1950 876 2448 975 generationis

384 1016 632 1065 rerum
664 992 998 1081 scientia,
1048 1015 1212 1088 quae
1248 993 1310 1065 si
1344 1017 1496 1066 non
1528 992 1848 1065 habetur
1896 993 1974 1065 in
2010 990 2456 1064 definitioni-

387 1106 547 1195 buS,
597 1105 855 1178 haberi
903 1129 1054 1178 non
1102 1116 1353 1201 potest
1394 1106 1473 1178 in
1523 1105 1996 1179 conclusione
2053 1104 2457 1201 syllogismi

386 1217 579 1291 illius
649 1218 776 1314 qui
845 1243 936 1291 ex
1018 1218 1572 1292 definitionibus
1645 1219 1898 1292 existit
1962 1219 2299 1315 primus;
2381 1228 2457 1289 et

386 1331 748 1427 siquidem
810 1332 889 1404 in
952 1330 1423 1406 conclusione
1490 1332 1752 1429 prima,
1818 1355 1971 1404 non
2022 1331 2455 1428 reperiatur,

387 1468 626 1539 neque
708 1444 787 1516 in
848 1443 999 1516 ulla
1066 1445 1538 1517 conclusione
1606 1445 2016 1542 reperietur
2079 1444 2455 1533 ulteriore,

388 1556 637 1653 itaque
674 1556 876 1630 nulla
907 1580 1234 1654 unquam
1275 1559 1546 1633 existet
1580 1559 1913 1648 scientia,
1967 1558 2045 1631 id
2096 1557 2296 1655 quod
2346 1568 2459 1630 est

390 1682 652 1743 contra
679 1670 1288 1744 demonstratoris
1326 1695 1632 1768 scopum
1666 1682 1743 1744 et
1779 1671 2188 1744 consilium.

2628 730 2673 776 6.

497 1793 607 1856 14.
663 1783 1147 1856 Definitiones
1204 1797 1453 1858 autem
1508 1796 1598 1857 ut
1651 1808 1833 1880 quas
1885 1784 2250 1880 principia
2307 1783 2459 1857 sive
2485 1810 2793 1860 Definitionis

2484 1884 2656 1925 natura
2676 1886 2724 1923 et

388 1896 928 1993 propositiones
960 1899 1235 1994 primas
1270 1922 1430 1972 esse
1464 1898 1686 1971 modo
1717 1898 2058 1987 diximuS,
2089 1898 2461 1970 orationes
2487 1942 2713 1990 Μαίης,

389 2022 587 2100 sunt,
651 2024 726 2082 et
781 2010 955 2106 quia
1019 2011 1369 2085 adhibitae
1452 2023 1628 2084 sunt
1696 2011 1793 2084 ad
1853 2011 2319 2085 excitandam
2384 2011 2463 2084 in

390 2123 635 2196 animo
693 2123 1044 2197 discentis
1098 2125 1407 2221 alicujus
1449 2125 1558 2196 rei
1605 2124 1873 2214 ideam,
1917 2124 1978 2196 si
2014 2124 2215 2220 quod
2255 2125 2323 2196 ei
2354 2124 2463 2196 rei

391 2261 662 2310 nomen
696 2236 998 2332 aliquod
1031 2237 1461 2333 impositum
1497 2238 1617 2326 sit,
1659 2262 1811 2310 non
1845 2248 2095 2333 potest
2130 2237 2461 2311 definitio

390 2350 592 2422 aliud
643 2373 801 2422 esse
837 2363 1056 2447 quam
1109 2351 1303 2424 illius
1338 2352 1658 2424 nominis
1708 2374 1842 2448 per
1877 2350 2287 2423 orationem
2339 2375 2463 2424 ex-

392 2464 717 2560 plicatio.
832 2463 1212 2560 Siquidem
1259 2476 1507 2538 autem
1560 2488 1831 2537 nomen
1892 2463 2318 2560 impositum
2364 2464 2461 2537 sit

391 2589 696 2674 propter
763 2591 1205 2675 conceptum
1275 2579 1790 2675 compositum,
1861 2603 2013 2652 non
2081 2579 2281 2653 aliud
2348 2592 2461 2653 est

395 2691 726 2765 definitio
756 2716 976 2787 quam
1003 2693 1321 2765 nominis
1357 2693 1549 2766 illius
1585 2693 1664 2765 in
1690 2706 1938 2789 partes
1975 2717 2143 2767 suas
2170 2693 2463 2766 univer-

393 2805 697 2878 saliores
725 2805 1102 2895 resolutio,
1155 2817 1241 2879 ut
1281 2807 1576 2903 quando
1626 2807 2014 2880 definimus
2063 2807 2461 2898 hominem,

397 2917 710 2991 dicendo
799 2917 1008 2990 homo
1089 2928 1205 2991 est
1293 2944 1571 3017 corpu-s·
1651 2919 2056 2992 animatum
2133 2923 2463 2993 sentiens

396 3032 801 3104 rationale.
919 3032 1245 3106 Nomina
1311 3032 1437 3106 illa
1503 3056 1772 3129 corpus
1839 3034 2266 3123 animatum,
2336 3037 2461 3107 διο.

393 3157 642 3240 partes
684 3158 860 3218 sunt
913 3146 1144 3219 totius
1178 3147 1397 3242 hujus
1445 3147 1765 3220 nominis
1820 3148 2026 3219 homo
2052 3177 2079 3230 ,·
2131 3149 2328 3221 unde
2378 3150 2466 3221 fit

395 3272 480 3332 ut
564 3259 989 3355 hujusmodi
1052 3261 1518 3335 definitiones
1616 3286 1902 3357 semper
1971 3275 2315 3336 constent
2375 3287 2466 3335 ex

397 3397 664 3470 genere
701 3386 778 3446 et
814 3374 1251 3465 differentia,
1291 3376 1400 3448 ita
1445 3387 1531 3449 ut
1563 3376 1814 3473 priora
1869 3377 2169 3449 nomina
2222 3377 2468 3450 omnia

397 3500 667 3582 praeter
718 3487 1055 3560 ultimum
1103 3514 1240 3585 pro
1289 3514 1584 3586 genere,
1634 3490 1975 3562 ultimum
2028 3502 2276 3562 autem
2330 3514 2466 3585 pro

400 3600 815 3673 differentia
843 3602 962 3673 sit.
1035 3603 1258 3677 Quod
1286 3604 1347 3676 si
1377 3628 1648 3678 nomen
1676 3604 1976 3700 aliquod
2004 3605 2468 3678 universalis-

399 3714 664 3786 simum
698 3714 776 3786 in
812 3738 944 3787 suo
978 3740 1250 3811 genere
1285 3717 1405 3807 sit,
1444 3718 1775 3791 definitio
1812 3720 1969 3815 ejus
2005 3732 2344 3791 constare
2379 3742 2469 3791 ex

397 3851 669 3922 genere
705 3839 782 3899 et
830 3827 1244 3902 differentia
1293 3855 1445 3903 non
1496 3844 1791 3928 potest;
1846 3832 1976 3906 sed
2026 3833 2188 3905 fieri
2249 3833 2470 3905 debet

396 3964 530 4035 per
584 3940 1373 4069 circumloquutionem
1435 3945 1885 4040 quamlibet;
1949 3946 2170 4019 modo
2226 3970 2314 4019 ea
2373 3946 2469 4019 ad

397 4054 546 4125 vim
626 4054 945 4127 nominis
1032 4056 1540 4153 explicandam
1608 4059 1923 4131 maxime
2002 4059 2100 4132 sit
2177 4059 2464 4133 idonea.

402 4166 682 4238 Rursus
716 4168 875 4239 fieri
914 4180 1187 4265 potest,
1238 4182 1315 4243 et
1363 4194 1557 4268 saepe
1611 4173 1878 4262 evenit,
1930 4185 2017 4244 ut
2072 4175 2469 4270 conjuncta

400 4277 548 4352 sint
578 4303 815 4375 genus
849 4294 925 4354 et
954 4281 1390 4375 differentia,
1420 4284 1528 4358 ita
1559 4299 1809 4359 tamen
1842 4298 1929 4359 ut
1964 4287 2466 4361 definitionem
