3182 5102
301 1084 408 1124 nter

317 897 484 929 nomn

417 957 467 994 tu

280 962 426 1254 ΞέΣσσΞο
279 864 360 994 ΣΗ

710 486 846 553 186
1185 500 1291 552 DE
1334 499 1847 552 RA‘rionns
1884 498 2273 552 Mormm.

353 676 527 726 PARS
559 676 663 726 111
709 693 854 764 qua
918 679 1131 764 parte
1192 670 1546 766 temporis
1610 680 2068 767 supponatur
2149 666 2480 764 percurri
2539 666 2777 762 longi-

472 742 546 791 16.

376 813 624 847 *vd
708 782 1041 855 tudinem
1079 784 1148 854 D
1186 783 1299 867 G;
1374 785 1882 880 ducanturque
1942 784 1999 855 F
2054 783 2156 871 Η,
2201 783 2262 853 Β
2324 782 2357 853 Ι
2409 779 2776 877 parallelae

301 897 589 1008 ongiudine

369 1214 615 1270 neustmp

647 897 782 967 uet
832 896 1147 992 aequales
1200 910 1425 971 rectae
1482 900 1544 970 A
1573 899 1658 970 C.
1764 898 1952 970 Dico
2023 919 2183 969 esse
2247 896 2316 966 D
2350 894 2410 966 E
2465 894 2561 966 ad
2614 893 2682 964 D
2713 894 2778 964 G

344 1027 426 1059 ⁰¹¹
430 1027 635 1131 &niun
604 1018 661 1059 ¹¹¹²
702 1020 788 1082 ut
846 1009 1610 1107 parallelogrammum
1678 1013 1744 1083 A
1815 1012 1873 1099 I,
1942 1011 2085 1083 hoc
2154 1020 2290 1097 est,
2347 1019 2433 1080 ut
2498 1007 2777 1079 factum

300 1142 797 1254 ueietaxie1nnp.ex
858 1123 1139 1220 impetu
1201 1125 1262 1195 A
1333 1124 1392 1197 C
1453 1124 1677 1197 ducto
1740 1125 1819 1196 in
1880 1136 2173 1219 tempus
2227 1122 2295 1194 A
2333 1122 2417 1210 B,
2474 1121 2572 1193 ad
2605 1122 2668 1192 A
2702 1121 2773 1192 H

704 1236 985 1310 factum
1013 1261 1103 1310 ex
1141 1237 1401 1310 eodem
1435 1238 1719 1334 impetu
1755 1239 1818 1309 A
1858 1237 1976 1309 C
1956 1262 2035 1309 ln
2065 1248 2354 1331 tempus
2384 1235 2452 1306 A
2480 1234 2558 1306 F.
2644 1235 2778 1305 Est

705 1350 902 1422 enim
935 1362 1021 1423 ut
1055 1350 1408 1423 velocitas
1453 1375 1588 1446 per
1637 1363 1928 1446 tempus
1977 1350 2038 1420 A
2082 1350 2143 1420 B
2180 1348 2276 1421 ad
2309 1347 2778 1420 velocitatem

702 1486 836 1558 per
889 1475 1178 1558 tempus
1215 1467 1280 1535 A
1318 1464 1396 1552 F,
1451 1464 1560 1537 ita
1605 1462 1993 1559 longitudo
2046 1485 2397 1558 percursa
2447 1473 2779 1555 tempore

704 1574 771 1645 A
835 1576 896 1646 B
953 1576 1050 1648 ad
1102 1575 1646 1672 longitudinem
1706 1598 2133 1671 percursam
2201 1589 2533 1669 tempore
2608 1573 2668 1643 A
2724 1571 2780 1642 F

711 1688 1136 1784 (propterea
1191 1689 1390 1784 quod
1444 1713 1613 1761 cum
1666 1689 1983 1784 impetus
2020 1699 2478 1784 supponatur
2511 1686 2778 1781 ubique

705 1800 924 1890 idem,
961 1802 1462 1898 longitudines
1496 1826 1866 1898 percursae
1903 1814 2076 1874 sunt
2130 1802 2204 1873 in
2255 1801 2544 1873 ratione
2592 1811 2776 1871 tem-

703 1915 1026 2009 porum).
1099 1915 1247 1987 Sed
1265 1927 1350 1987 ut
1384 1927 1674 2010 tempus
1703 1915 1771 1986 A
1796 1915 1854 1985 B
1891 1915 1983 1987 ad
2022 1926 2312 2009 tempus
2348 1914 2414 1984 A
2438 1913 2494 1983 F
2526 1913 2635 1984 ita
2669 1922 2780 1983 est

704 2026 1467 2122 parallelogrammum
1502 2026 1570 2097 A
1606 2027 1639 2098 I
1669 2026 1764 2098 ad
1796 2025 2561 2122 parallelogrammum
2582 2025 2650 2096 A
2682 2023 2777 2111 H,

706 2139 849 2211 hoc
887 2151 1000 2211 est
1032 2139 1310 2211 factum
1346 2140 1439 2210 ab
1477 2139 1759 2233 impetu
1795 2140 1858 2210 A
1900 2139 1958 2209 C
2001 2140 2077 2211 in
2106 2152 2398 2234 tempus
2440 2138 2508 2209 A
2546 2138 2634 2225 Β,
2687 2134 2778 2207 ad

706 2253 987 2325 factum
1050 2276 1141 2324 ex
1202 2252 1487 2348 impetu
1556 2251 1816 2324 eodem
1869 2253 1936 2323 A
1974 2251 2033 2323 C
2099 2252 2178 2323 in
2232 2264 2523 2347 tempus
2587 2249 2655 2321 A
2703 2250 2776 2320 F.

708 2367 844 2438 Est
898 2378 1146 2438 autem
1207 2377 1538 2461 tempore
1594 2366 1660 2436 A
1713 2366 1800 2454 Β,
1854 2365 2136 2460 impetu
2187 2365 2255 2436 A
2307 2364 2366 2436 C
2430 2387 2782 2460 percursa

707 2476 1097 2575 longitudo
1135 2478 1203 2549 D
1240 2479 1343 2549 E:
1384 2501 1608 2574 quare
1644 2476 2029 2573 longitudo
2063 2501 2413 2573 percursa
2448 2488 2779 2573 tempore

709 2591 771 2663 A
813 2586 870 2663 F
895 2590 1174 2687 impetu
1210 2595 1278 2664 A
1316 2592 1374 2663 C
1414 2591 1557 2663 erit
1594 2590 1659 2661 D
1696 2589 1781 2679 G,
1819 2589 1913 2662 ad
1943 2614 2160 2685 quam
2203 2597 2365 2685 (per
2399 2602 2780 2662 construc-

710 2704 1022 2798 tionem)
1064 2705 1129 2776 D
1165 2706 1226 2777 E
1260 2705 1485 2777 habet
1525 2704 1834 2776 eandem
1869 2704 2257 2792 rationem,
2302 2728 2524 2799 quam
2558 2704 2782 2776 habet

708 2817 1471 2915 parallelogrammum
1501 2817 1567 2887 A
1599 2816 1631 2888 I
1669 2815 1763 2888 ad
1787 2815 2553 2912 parallelogrammum
2582 2819 2652 2889 A
2682 2818 2781 2905 Η,

710 2931 863 3004 sive
923 2931 1202 3004 factum
1257 2955 1348 3003 ex
1401 2931 1684 3025 impetu
1744 2932 1812 3001 A
1849 2929 1908 3001 C
1980 2930 2055 3002 in
2124 2943 2414 3025 tempus
2462 2933 2532 3003 A
2570 2932 2631 3002 B
2689 2930 2783 3003 ad

703 3043 986 3117 factum
1047 3068 1137 3116 ex
1197 3043 1457 3116 eodem
1518 3043 1801 3137 impetu
1861 3042 1929 3113 A
1966 3041 2025 3113 C
2089 3044 2164 3114 i’n
2229 3055 2520 3140 tempus
2577 3044 2645 3116 A
2683 3046 2778 3116 F:

707 3157 906 3253 quod
942 3169 1102 3229 erat
1137 3155 1814 3230 demonstrandum.

809 3269 1085 3342 Coroll.
1142 3269 1510 3343 Quoniam
1548 3280 1925 3341 ostensum
1948 3268 2158 3340 estin
2186 3282 2396 3342 motu
2430 3271 2782 3343 uniformi

692 3383 1208 3479 longitudines
1242 3405 1630 3478 percursas
1666 3404 1826 3454 esse
1853 3393 1938 3453 ut
1970 3382 2660 3479 parallelogramma
2695 3407 2783 3455 ex

709 3497 992 3592 impetu
1028 3497 1252 3569 ducto
1287 3495 1366 3567 in
1401 3507 1759 3589 tempora,
1812 3493 1889 3564 id
1931 3506 2045 3565 est
2092 3496 2428 3590 (propter
2463 3498 2782 3592 aequales

709 3609 1056 3705 impetus)
1084 3620 1169 3680 ut
1196 3610 1355 3704 ipsa
1380 3620 1738 3701 tempora,
1764 3607 1904 3678 erit
1927 3629 2239 3701 quoque,
2261 3611 2782 3704 permutandO,

706 3735 790 3794 ut
826 3738 1117 3818 tempus
1154 3722 1248 3795 ad
1310 3720 1850 3816 longitudinem
1901 3719 2007 3790 ita
2058 3733 2346 3815 tempus
2400 3722 2495 3794 ad
2543 3723 2784 3819 longi—

706 3836 1064 3923 tudinem,
1096 3836 1278 3907 etin
1313 3834 1737 3905 universum
1770 3831 2048 3904 habent
2079 3831 2200 3903 hic
2235 3833 2482 3905 locum
2526 3859 2783 3908 omnes

707 3949 1328 4045 analogismorum
1405 3944 1898 4041 proprietates
1983 3956 2060 4016 et
2149 3949 2783 4043 metamorphoses

706 4086 887 4157 quas
926 4062 1167 4158 capite
1202 4060 1489 4133 decimo
1527 4058 1750 4130 tertio
1803 4069 2264 4129 enumeratas
2318 4058 2783 4133 demonstra-

707 4174 965 4247 vimus.

811 4296 878 4359 3.
933 4288 1020 4359 In
1074 4296 1283 4357 motu
1315 4283 1785 4356 uniformiter
1805 4306 1851 4354 a
1875 4282 2120 4377 quiete
2153 4283 2567 4359 accelerato
2611 4287 2785 4380 (hoc

709 4410 845 4486 est,
880 4399 1009 4471 ubi
1045 4398 1362 4492 impetus
1399 4395 1752 4468 continuo
1790 4407 2129 4467 crescunt
2156 4395 2233 4466 in
2271 4397 2562 4472 ratione
2598 4412 2786 4473 tem-
