3182 5102
764 491 870 542 DE
910 491 1495 559 soN0,.onoRn‚
1534 491 1875 560 sAPoRn,
1911 491 2085 543 mc.
2283 474 2458 543 <409

406 678 528 730 mo
537 668 651 730 tus
703 657 1020 753 partium
1072 658 1179 731 rei
1240 658 1562 732 odoratae
1623 657 2108 730 invisibilium.
2212 656 2463 729 Partes
2531 659 2707 775 1³⁴2!ss
2731 655 2818 708 IV·

407 782 654 844 autem
711 771 827 844 hae
893 771 1288 844 invisibiles
1341 770 1458 843 vel
1510 781 1781 843 exeunt
1832 770 1924 842 ab
1979 769 2292 865 objecto,
2345 768 2457 842 vel
2539 758 2822 831 *ὴὲ-ν

407 884 803 957 retinentes
835 881 1078 972 situm,
1131 907 1348 980 quem
1397 894 1569 956 ante
1620 905 1788 955 cum
1821 882 2103 956 caeteris
2134 880 2464 979 partibus
2486 859 2888 990 ἓξξξῖζξζᾘ

408 996 799 1085 habebant,
833 1020 983 1069 una
1015 1019 1183 1069 cum
1216 996 1358 1068 illis
1390 1006 1795 1084 moventur,
1828 995 1970 1069 hoc
2002 1005 2137 1079 est,
2185 1005 2465 1069 motum
2488 990 2843 1107 θῑῃζξζέξΰῦῑ·

411 1110 684 1182 habent
715 1110 1114 1206 simplicem
1150 1121 1227 1182 et
1259 1109 1716 1183 invisibilem.
1821 1108 1970 1183 Qui
1996 1108 2193 1181 exire
2228 1132 2269 1180 e
2302 1132 2464 1182 cor·
2488 1074 2549 1123 μ
2734 1089 2750 1104 ⁰

409 1246 586 1318 pore
640 1224 946 1297 odorato
1014 1223 1290 1318 aliquid
1349 1222 1626 1311 dicunt,
1695 1222 1984 1294 effluvia
2048 1221 2462 1316 appellant;

412 1350 724 1432 suntque
758 1337 874 1409 vel
908 1337 1335 1410 substantiae
1386 1336 1725 1409 aethereae
1779 1335 2088 1423 effluvia,
2138 1334 2254 1407 vel
2307 1356 2465 1407 cor-

412 1449 882 1545 pusculorum
916 1449 1020 1521 illi
1054 1450 1683 1545 interspersorum.

510 1561 729 1637 Quod
763 1574 1009 1634 autem
1045 1562 1356 1635 varietas
1391 1561 1701 1635 odorum
1735 1562 1825 1634 ab
1877 1561 2178 1633 effluviis
2213 1583 2467 1633 nasca-

413 1688 534 1748 tur
568 1674 1159 1771 corpusculorum
1204 1673 1633 1747 substantiae
1684 1673 2018 1748 aethereae
2070 1674 2468 1770 intersper-

412 1811 680 1875 sorum,
716 1787 1141 1862 incredibile
1174 1788 1477 1876 faciunt,
1525 1788 1787 1883 primo,
1844 1787 2044 1883 quod
2097 1799 2470 1883 unguenta

414 1901 770 1996 quaedam,
839 1925 1066 1997 eaque
1132 1901 1322 1974 mole
1391 1901 1677 1996 exigua,
1750 1900 2050 1974 odorem
2125 1900 2471 1973 emittant

412 2012 703 2105 fortem,
737 2038 887 2088 non
937 2014 1155 2088 modo
1206 2038 1339 2110 per
1393 2014 1628 2111 spatia
1678 2013 1845 2103 loci,
1905 2013 2036 2088 sed
2084 2014 2307 2087 etiam
2339 2036 2471 2110 per

416 2128 652 2224 spatia
713 2140 1125 2224 temporum
1188 2127 1637 2224 longissima,
1722 2150 2028 2224 quaeque
2107 2126 2187 2198 in
2271 2124 2470 2198 omni

414 2253 690 2337 puncto
724 2240 938 2337 spatii
969 2240 1162 2313 illius
1196 2239 1450 2312 sentiri
1482 2251 1792 2335 possunt
1820 2271 1839 2323 ;
1889 2239 2078 2313 adeo
2109 2254 2196 2311 ut
2226 2248 2471 2334 partes

417 2354 697 2426 effluxae
723 2353 1035 2449 spatium
1071 2352 1435 2449 complere
1469 2353 1805 2442 debeant,
1826 2352 2210 2449 plusquam
2230 2351 2472 2424 decies

418 2467 675 2540 millies
736 2468 969 2563 majus
1025 2489 1244 2561 quam
1304 2477 1418 2537 est
1470 2466 1706 2562 ipsum
1766 2476 2056 2550 totum;
2113 2464 2309 2561 quod
2360 2474 2474 2536 est

418 2580 884 2676 impossibile.
991 2578 1350 2669 Secundo,
1401 2579 1601 2675 quod
1647 2580 1796 2652 sive
1853 2581 2154 2652 effluxus
2188 2578 2309 2651 ille
2342 2580 2475 2651 fiat

420 2705 628 2767 motu
662 2704 888 2781 recto,
926 2692 1074 2764 sive
1109 2703 1312 2764 motu
1346 2716 1595 2781 curvo,
1633 2693 1693 2765 si
1726 2693 2032 2767 totidem
2067 2692 2474 2765 effluxerint

420 2831 506 2879 ex
544 2807 686 2879 alio
722 2805 1049 2900 quolibet
1098 2804 1406 2879 odorato
1459 2806 1715 2878 eodem
1767 2817 1995 2895 motu,
2051 2817 2475 2900 sequeretur

422 2921 668 2993 omnia
719 2919 1024 2992 odorata
1080 2918 1386 2991 similem
1450 2920 1720 3014 habere
1780 2920 2098 2992 odorem.
2198 2918 2473 3006 Tertio,

425 3033 619 3128 quod
639 3032 938 3104 effluviis
960 3031 1100 3103 illis
1135 3044 1413 3104 motum
1443 3031 1882 3104 habentibus
1913 3030 2123 3104 valde
2143 3031 2474 3116 celerem,

421 3158 507 3218 ut
540 3144 1003 3217 manifestum
1039 3155 1151 3217 est
1185 3167 1275 3216 ex
1305 3168 1417 3233 eo,
1453 3144 1653 3240 quod
1697 3144 1793 3218 ad
1845 3144 2266 3218 distantiam
2299 3143 2475 3217 satis

422 3283 761 3356 magnam
829 3259 1132 3330 emissus
1200 3280 1241 3329 e
1308 3281 1615 3330 caverna
1683 3258 1866 3331 odor
1937 3270 2167 3331 tetrus
2235 3257 2475 3329 subito

424 3372 775 3454 sentitur3
829 3381 1202 3467 oporteret
1228 3394 1316 3444 eo
1344 3371 1499 3444 solo
1548 3388 1758 3444 motu
1794 3372 1955 3444 fieri
1981 3370 2473 3460 olfactionem,

424 3483 1010 3582 quandoquidem
1073 3483 1375 3557 effluviis
1409 3484 1505 3557 ad
1555 3507 1913 3579 organum
1962 3506 2291 3557 accessus
2323 3507 2474 3556 non

425 3597 855 3672 occluditur.
961 3596 1049 3670 Id
1104 3620 1279 3670 vero
1334 3621 1482 3670 non
1535 3597 1666 3681 fit;
1738 3621 1911 3670 nam
1970 3596 2113 3670 nisi
2168 3596 2475 3670 halitum

423 3722 756 3784 nostrum
787 3733 923 3805 per
951 3732 1163 3782 nares
1195 3710 1672 3795 attrahamus,
1709 3710 2003 3783 olfactio
2037 3733 2189 3784 non
2223 3732 2476 3804 seque-

422 3836 566 3896 tur.
630 3822 800 3895 Non
833 3822 921 3894 fit
951 3844 1127 3918 ergo
1162 3821 1457 3895 olfactio
1489 3846 1626 3918 per
1651 3822 2016 3895 effluvium
2036 3835 2468 3895 atomorum.

425 3937 683 4031 Neque
746 3956 919 4008 vero
985 3935 1095 4020 fit,
1162 3946 1463 4030 propter
1523 3934 1830 4008 eandem
1897 3935 2280 4022 rationem,
2342 3955 2473 4028 per

423 4048 788 4121 effluvium
820 4047 1242 4122 substantiae
1292 4048 1652 4122 aethereae.
1755 4048 2252 4122 Olfaceremus
2278 4047 2473 4118 enim

423 4174 500 4234 et
531 4162 658 4250 sic,
695 4161 849 4233 sine
883 4160 1143 4233 animae
1191 4162 1656 4234 retractione.
1758 4162 2144 4248 Praeterea,
2196 4183 2362 4231 cum
2392 4159 2472 4232 in

423 4274 760 4347 omnibus
827 4273 1251 4370 corporibus
1321 4274 1644 4347 odoratis
1712 4273 1966 4347 similis
2032 4273 2130 4346 sit
2193 4272 2474 4346 inclusa

424 4387 831 4462 substantia
864 4388 1200 4476 aetherea,
1252 4387 1585 4460 similiter
1636 4387 1858 4460 etiam
1902 4409 2260 4482 organum
2318 4386 2471 4457 affi-
