3182 5102
664 512 797 553 XXX
1232 508 1404 552 VITAE
1442 508 1652 552 HOBBI
1663 507 1811 550 ANAE
1852 504 2267 550 AUC'rAmUM.

664 675 968 762 politioris
997 675 1353 747 literaturae,
1371 697 1570 761 genus
1602 671 2046 737 illustrandum
2080 687 2336 737 strenue
2364 670 2845 736 contenderunt.

667 814 832 878 Cum
885 812 1006 877 illis
1056 812 1271 878 solitus
1315 825 1410 876 est
1467 810 1864 898 quotidianos
1909 831 2225 874 sermones
2278 808 2584 884 conferre,
2647 820 2841 893 atque

658 948 872 1013 arduis
902 948 971 1012 in
1006 946 1405 1033 Philosophia
1432 962 1498 1012 et
1528 944 1808 1011 Mathesi
1852 943 2256 1030 problematis
2296 942 2623 1030 ingenium
2657 963 2841 1006 exer-

660 1085 873 1161 citare,
902 1100 1197 1150 naturam
1225 1084 1410 1148 variis
1438 1082 1884 1169 experimentis
1914 1096 2227 1168 torquere,
2276 1102 2490 1145 rerum
2532 1079 2841 1166 principia

660 1219 981 1308 indagare,
1041 1220 1297 1285 inventa
1353 1217 1692 1284 ratiociniis
1749 1215 2047 1281 stabilire.
2141 1215 2286 1280 Prae
2335 1215 2579 1281 caeteris
2624 1230 2841 1281 autem

659 1371 836 1423 arcta
884 1356 1342 1422 necessitudine
1377 1357 1638 1441 junctus
1688 1368 1783 1419 est
1836 1354 2091 1419 Marino
2137 1354 2480 1418 Mersenno
2529 1351 2609 1417 Ο.
2645 1352 2743 1416 Μ.
2777 1367 2844 1417 et

665 1494 857 1559 Petro
889 1492 1234 1570 Gassendo,
1270 1490 1738 1558 Mathematum
1787 1489 2143 1555 Professore
2178 1489 2402 1576 Regio,
2436 1488 2571 1553 viro
2606 1487 2839 1576 insigni

661 1630 947 1696 doctrina
973 1646 1038 1696 et
1059 1630 1434 1695 suavissimis
1462 1629 1747 1695 moribus
1784 1625 2057 1704 excult0‚
2087 1639 2152 1690 et
2175 1624 2345 1712 quod
2374 1624 2629 1690 honoris
2653 1648 2843 1690 causa

659 1767 1076 1853 pronunciare
1105 1767 1271 1845 licet,
1302 1766 1715 1853 philosopbiae
1749 1765 2082 1851 Epicureae
2120 1764 2557 1827 instauratore.

749 1904 942 1968 Anno
976 1907 1160 1980 1641,
1195 1901 1541 1967 Mersenno
1563 1914 1961 1987 procurante,
2003 1921 2146 1964 cum
2177 1896 2561 1963 nobilissimo
2589 1896 2839 1962 Renato

664 2038 947 2104 Cartesio
969 2037 1410 2103 commercium
1430 2036 1702 2102 instituit
1729 2034 2139 2123 epistolicum,
2156 2034 2222 2098 in
2245 2055 2391 2120 quc,
2416 2032 2497 2097 de
2519 2046 2747 2097 natura
2768 2055 2841 2097 ac

662 2173 904 2260 legibus
936 2188 1158 2250 motus,
1207 2188 1335 2238 tam
1365 2172 1610 2254 directi,
1640 2194 1830 2259 quam
1862 2170 2099 2246 reflexi,
2147 2168 2411 2254 aliisque
2438 2166 2521 2231 ad
2550 2172 2842 2254 Dioptri-

660 2334 777 2378 cen
803 2309 1230 2395 spectantibus
1279 2307 1694 2395 argumentis,
1749 2306 2050 2392 utrinque
2095 2303 2411 2369 subtiliter
2455 2302 2840 2389 disputatum

662 2458 795 2511 est:
842 2468 986 2532 quae
1015 2446 1227 2511 omnia
1270 2461 1439 2511 tomo
1471 2446 1658 2510 tertio
1688 2443 2094 2530 epistolarum
2128 2441 2397 2507 Cartesii
2439 2440 2625 2528 plene
2664 2440 2841 2505 exhi-

664 2584 914 2652 bentur.
1005 2583 1194 2648 Circa
1238 2581 1407 2646 idem
1457 2594 1702 2668 tempus
1747 2580 2069 2648 Cat-tesius
2125 2579 2473 2665 (praemisso
2493 2578 2630 2663 jam
2657 2593 2843 2642 antea

663 2742 832 2784 anno
868 2723 1026 2788 1637
1060 2740 1241 2784 novae
1290 2717 1712 2804 Philosophiae
1752 2716 2109 2803 specimine)
2166 2715 2509 2802 publicavit
2549 2738 2691 2779 suas
2740 2718 2844 2780 De

664 2857 893 2921 Prima
949 2856 1363 2941 Philosophia
1410 2857 1895 2930 Meditationes,
1949 2853 2015 2915 in
2061 2852 2290 2939 quibus
2337 2851 2463 2916 Dei
2511 2851 2841 2916 essentiam

662 3004 855 3077 atque
882 2989 1297 3066 existentiam,
1328 2990 1559 3054 animae
1591 2988 1888 3054 humanae
1922 3005 2231 3066 naturam,
2263 3011 2529 3076 eamque
2555 2989 2637 3053 ab
2666 2989 2840 3052 omni

664 3147 963 3211 corporeo
990 3146 1243 3210 prorsus
1273 3124 1652 3201 distinctam,
1689 3125 1882 3211 ipsius
1903 3125 2184 3189 materiae
2207 3125 2515 3189 rationem
2536 3137 2602 3189 et
2621 3123 2839 3189 modos

665 3261 938 3328 maxime
987 3259 1289 3346 proprios,
1367 3259 1570 3325 omnis
1621 3259 1898 3347 denique
1949 3261 2230 3326 scientiae
2275 3259 2703 3337 fundamenta,
2756 3282 2840 3323 ex

665 3399 895 3465 innatis
914 3396 1290 3485 quibusdam
1312 3395 1466 3460 ideis
1484 3395 1915 3462 demonstrare
1937 3395 2279 3462 contendit.
2370 3394 2518 3460 Illos
2542 3395 2701 3460 tanti
2721 3395 2839 3460 viri

663 3547 923 3601 conatus
968 3533 1163 3622 digna
1205 3556 1351 3599 cum
1386 3532 1573 3598 laude
1613 3547 1996 3619 exceperunt
2023 3554 2278 3609 omnes3
2322 3547 2389 3597 at
2433 3531 2838 3598 nihilominus

669 3683 906 3734 tantam
966 3690 1178 3733 rerum
1229 3668 1460 3732 molem
1514 3682 1644 3732 tam
1694 3666 2112 3733 imbecillibus
2168 3666 2381 3732 fulcris
2456 3667 2643 3732 inniti
2706 3691 2835 3733 non

663 3803 827 3890 passi
849 3817 997 3867 sunt
1017 3802 1362 3890 sagaciores
1379 3801 1752 3889 philosophi,
1784 3803 2153 3892 scriptisque
2175 3805 2499 3869 contrariis
2522 3806 2835 3870 rationum

664 3942 800 4026 ejus
838 3938 1347 4005 incertitudinem
1376 3939 1829 4018 ostenderunt3
1881 3942 2046 4005 inter
2090 3964 2245 4028 quos
2288 3941 2604 4028 praecipue
2635 3944 2836 4007 nomi-

664 4074 857 4140 nandi
887 4075 1169 4152 veniunt,
1195 4075 1420 4141 Petrus
1453 4075 1834 4153 GassenduS,
1869 4077 2187 4142 Antonius
2211 4076 2551 4155 ArnalduS,
2575 4078 2836 4144 celebris

662 4233 700 4276 e
727 4212 1015 4277 Sorbona
1045 4210 1486 4298 TheologicuS,
1518 4228 1583 4277 et
1615 4212 1894 4278 Thomas
1927 4212 2238 4277 Hobbius.

752 4348 943 4413 Anno
1008 4352 1173 4412 1644
1235 4347 1528 4414 Marinus
1590 4348 1976 4415 Mersennus
2033 4350 2307 4436 cogitata
2364 4372 2477 4414 sua
2538 4349 2834 4437 Physico-

666 4482 1117 4550 Mathematica
1138 4485 1205 4549 in
1227 4484 1367 4550 luce
1384 4486 1676 4564 memisit,
1710 4486 1819 4552 ubi
1850 4486 2017 4551 inter
2045 4484 2169 4550 alia
2197 4484 2527 4552 doctorum
2557 4486 2831 4552 virorum
