3182 5102
395 720 568 769 PARS
602 719 648 770 1.

327 2504 599 2569 Descriptio

327 2570 698 2636 pmdicamenti.

734 502 827 566 22
1205 513 1735 565 οοΜΡυΤΑΤῙο
1777 514 1964 565 εινΕ
2006 514 2330 565 Looch.

737 693 968 781 homa,
1030 692 1264 789 magis
1315 693 1554 766 adhuc
1610 694 2101 790 compositum
2153 705 2289 767 est.
2393 693 2641 788 Atque
2700 692 2808 766 sic

736 806 1065 879 videmus
1148 805 1755 902 compositionem
1845 819 2336 903 conceptuum
2403 807 2481 878 in
2561 806 2807 879 animo

734 919 1178 1016 respondere
1248 920 1765 1016 compositioni
1830 920 2261 1005 nominum3
2346 943 2521 993 nam
2579 931 2666 992 ut
2731 919 2810 991 in

736 1032 982 1106 animo
1016 1056 1165 1104 una
1201 1032 1366 1104 idea
1408 1032 1560 1105 sive
1610 1032 2050 1130 phantasma
2090 1033 2304 1106 alteri
2361 1032 2808 1129 supervenit,

739 1158 816 1219 et
880 1145 1053 1218 huic
1121 1145 1343 1235 aliud,
1398 1146 1507 1218 ita
1552 1147 1834 1220 nomini
1896 1148 2027 1219 uni
2087 1147 2287 1220 aliud
2342 1158 2565 1243 atque
2610 1145 2812 1218 aliud

739 1258 1279 1354 superadditur,
1365 1271 1442 1331 et
1505 1260 1594 1332 fit
1662 1284 1751 1332 ex
1820 1260 2160 1333 omnibus
2241 1285 2473 1332 unum
2539 1282 2812 1332 nomen

740 1372 1253 1468 compositum.
1357 1371 1784 1445 Cavendum
1838 1384 2089 1445 tamen
2149 1385 2261 1445 est
2318 1396 2415 1445 ne
2466 1383 2812 1468 putemus

741 1485 1003 1558 eodem
1035 1484 1256 1558 modo
1293 1485 1638 1581 componi
1671 1485 1833 1581 ipsa
1866 1509 2180 1581 corpora
2214 1496 2427 1558 extra
2459 1484 2812 1571 animum,

741 1599 1113 1689 nimirum,
1169 1622 1327 1671 esse
1363 1599 1441 1669 in
1475 1622 1724 1671 rerum
1775 1611 2041 1672 natura
2092 1623 2360 1694 corpus
2416 1599 2570 1672 sive
2622 1597 2815 1670 exis-

742 1724 909 1785 tens
958 1711 1236 1808 aliquid
1283 1712 1775 1808 imaginabile,
1824 1713 2023 1808 quod
2056 1713 2294 1810 primo
2347 1712 2625 1784 nullam
2659 1735 2816 1783 om-

742 1827 920 1900 nino
955 1825 1225 1898 habeat
1257 1826 1865 1921 magnitudinem,
1918 1827 2184 1899 deinde
2236 1826 2491 1900 addita
2533 1825 2818 1921 magni-

743 1939 1001 2012 tudine
1066 1940 1199 2011 fiat
1266 1951 1645 2034 quantum,
1726 1952 1801 2012 et
1865 1965 2002 2036 pro
2070 1964 2342 2036 magna
2407 1939 2523 2012 vel
2588 1962 2820 2035 parva

747 2052 1159 2148 quantitate
1214 2052 1552 2149 apposita
1607 2053 1918 2126 densum
1952 2066 2083 2127 aut
2116 2078 2390 2139 rarum,
2448 2065 2524 2127 et
2563 2075 2818 2125 rursus

745 2166 1094 2262 adjuncta
1141 2167 1381 2262 figura
1427 2167 1560 2239 fiat
1608 2168 2057 2264 figuratum3
2113 2181 2188 2241 et
2237 2180 2500 2264 postea
2544 2166 2818 2262 injecto

745 2279 1020 2351 lumine
1071 2278 1188 2351 vel
1236 2277 1505 2368 colore,
1561 2278 1913 2369 lucidum,
1972 2294 2047 2354 et
2082 2280 2517 2368 coloratum,
2572 2303 2823 2374 quam-

748 2416 968 2487 quam
1001 2392 1152 2464 sint
1183 2392 1518 2464 nonnulli
1553 2393 1679 2487 qui
1715 2394 1820 2466 sic
1854 2393 2353 2491 philosophati
2391 2403 2587 2466 sunt.

857 2514 969 2579 15.
1025 2504 1436 2600 Scriptores
1482 2504 1705 2602 logici
1751 2505 2054 2580 nomina
2095 2506 2260 2604 (per
2294 2505 2543 2580 omnia
2575 2527 2823 2577 rerum

748 2619 1054 2716 genera)
1153 2618 1395 2690 minus
1484 2621 1905 2693 communia
1989 2620 2225 2718 magis
2311 2617 2823 2692 communibus

748 2730 1295 2804 subordinando
1331 2730 1409 2803 in
1465 2732 1820 2827 quasdam
1857 2733 2089 2806 scalas
2126 2733 2280 2806 sive
2313 2732 2587 2829 gradus
2621 2730 2825 2826 dige-

749 2867 912 2917 rere
997 2842 1244 2916 conati
1335 2857 1555 2928 sunt;
1634 2845 1839 2919 velut
1913 2847 1992 2919 in
2058 2870 2329 2943 genere
2409 2867 2827 2940 corporum,

749 2956 988 3052 primo
1044 2968 1121 3029 et
1173 2980 1457 3029 summo
1509 2957 1675 3031 loco
1706 2984 1983 3056 corpus
2041 2959 2473 3055 simpliciter
2526 2981 2827 3053 ponere,

753 3068 1018 3142 deinde
1072 3069 1206 3141 sub
1270 3092 1357 3142 eo
1413 3070 1717 3143 nomina
1774 3071 2016 3144 minus
2072 3070 2493 3145 communia
2565 3069 2827 3166 quibus

750 3181 1112 3254 limitetur
1158 3193 1236 3254 et
1277 3182 1840 3257 determinatius
1860 3186 2015 3270 fiat,
2049 3185 2398 3258 nimirum
2426 3183 2829 3255 animatum

753 3306 832 3368 et
862 3295 1378 3386 inanimatum,
1423 3309 1499 3370 et
1532 3297 1639 3369 sic
1675 3297 2019 3394 deinceps
2075 3298 2310 3371 donec
2357 3296 2832 3394 perveniatur

754 3407 852 3479 ad
909 3408 1299 3480 individua
1329 3437 1357 3491 ;
1437 3409 1774 3483 similiter
1831 3411 1908 3482 in
1970 3434 2243 3508 genere
2306 3411 2830 3506 quantitatum,

753 3521 992 3616 primo
1055 3532 1132 3593 et
1192 3545 1476 3595 summo
1529 3522 1695 3595 loco
1747 3537 2038 3618 ponunt
2100 3533 2476 3620 quantum,
2541 3521 2828 3610 deinde,

755 3631 1050 3719 lineam,
1117 3635 1613 3731 superficiem,
1678 3648 1753 3708 et
1814 3635 2160 3725 solidum,
2228 3636 2531 3708 nomina
2589 3634 2832 3706 minus

753 3744 953 3829 lata3
1040 3759 1261 3841 atque
1345 3747 1481 3821 hos
1553 3747 1848 3821 ordines
1915 3749 2300 3821 nominum
2366 3748 2518 3821 sive
2600 3747 2835 3820 scalas

753 3858 1122 3954 appellare
1193 3859 1433 3933 solent
1505 3860 2129 3957 proedicamenta,
2224 3876 2299 3934 et
2367 3860 2832 3958 categoria-5.

756 3971 1213 4045 ordinantur
1267 3985 1514 4046 autem
1559 3973 1863 4047 nomina
1895 3999 2047 4047 non
2081 3975 2300 4048 modo
2332 3973 2665 4070 positiva
2702 3973 2836 4045 sed

758 4083 980 4156 etiam
1047 4086 1428 4181 negativa.
1551 4086 1915 4183 Exempla>
1953 4099 2201 4160 autem
2263 4086 2414 4159 sive
2466 4083 2835 4181 formulae

756 4196 1494 4292 praedicamentorum
1526 4200 1948 4296 hujusmodi
1983 4225 2140 4274 esse
2172 4210 2504 4296 possunt.
