3182 5102
739 479 883 559 276
1221 499 1328 551 nn·
1366 500 1876 552 RAnomnus
1916 498 2306 551 Mo'rUUM.

381 674 554 724 PARS
578 674 682 725 111·
736 678 813 741 et
845 689 979 763 per
1029 690 1482 763 consequens
1534 683 1843 741 conatus
1880 669 1971 741 ab
2009 669 2077 740 A
2108 691 2261 740 non
2296 664 2438 738 erit
2489 685 2622 758 per
2655 660 2715 733 E
2736 662 2807 733 A

390 743 656 850 *332⁴
734 780 1193 878 productam,
1251 781 1379 853 sed
1431 781 1627 853 ultra
1679 805 1864 870 eam,
1925 792 2011 853 ut
2062 780 2138 852 in
2199 778 2266 849 A
2293 779 2350 850 Ι.
2457 776 2704 849 Quare
2746 773 2809 844 si

741 916 1008 989 corpus
1044 894 1332 982 durum,
1370 896 1494 966 διο.
1545 894 1741 991 quod
1772 905 1932 967 erat
1972 890 2458 990 probandum.
2563 890 2810 983 Atque

736 1007 898 1079 haec
955 1006 1249 1102 quidem
1284 1032 1329 1079 a
1363 1019 1566 1080 recta
1619 1009 1687 1080 A
1715 1007 1778 1080 G
1832 1006 2295 1103 divergentia
2350 1015 2574 1075 rectae
2618 1001 2686 1073 A
2710 1000 2813 1087 H,

739 1119 1085 1215 appellari
1139 1120 1327 1193 solet
1380 1121 1472 1193 ab
1534 1121 1800 1218 opticis
1854 1120 2248 1193 refractio:
2304 1140 2466 1213 quae
2514 1113 2815 1211 quidem

736 1234 846 1321 fit,
908 1233 1202 1327 quando
1270 1233 1624 1306 transitus
1686 1245 1799 1306 est
1859 1234 2099 1329 primo
2160 1230 2468 1318 facilior,
2546 1224 2818 1299 deinde

739 1345 1124 1432 difficilior,
1181 1347 1553 1443 vergendo
1608 1348 1700 1420 ab
1757 1347 2111 1420 inclinata
2169 1344 2265 1418 ad
2330 1339 2818 1440 perpendicu-

737 1459 1008 1541 larem;
1085 1470 1347 1531 contra
1428 1483 1628 1545 vero,
1715 1458 2008 1555 quando
2095 1457 2451 1531 transitus
2533 1454 2821 1550 primus

741 1571 1102 1644 difficilior
1137 1583 1271 1658 est,
1307 1570 1598 1667 longius
1632 1597 1678 1645 a
1709 1570 2299 1669 perpendiculari
2332 1566 2696 1642 abeundo,

386 1691 446 1766 Μ,
446 1700 662 1738 ooooo
665 1704 714 1764 ξε
841 1692 909 1757 8.
965 1684 1440 1756 Manifestum
1501 1699 1616 1759 est
1656 1687 1817 1781 (per
1854 1686 2232 1758 theorema
2258 1685 2337 1776 6)
2398 1682 2474 1753 in
2505 1680 2636 1753 tali
2671 1680 2827 1752 situ

385 1755 714 1896 ssgffiiggam
742 1798 1085 1870 collocari
1145 1820 1362 1892 posse
1415 1798 1562 1870 vim
1618 1812 2060 1888 moventem,
2114 1810 2201 1871 ut
2259 1798 2351 1870 ab
2414 1820 2500 1867 ea
2555 1806 2830 1889 agatur

386 1894 615 1935 ¹¹¹⁰⁹⁰¹¹²¹‘
744 1910 1013 1983 mobile
1074 1934 1208 2005 per
1265 1910 1456 1982 viam
1515 1912 1652 1984 viae
1709 1913 2071 1986 moventis
2124 1912 2279 1984 fere
2347 1906 2827 1993 contrariam,

745 2022 1359 2120 quemadmodum
1393 2024 1553 2096 fieri
1586 2025 1918 2098 videmus
1947 2025 2023 2097 in
2057 2036 2266 2096 motu
2298 2022 2618 2094 navium.

847 2136 961 2209 Sit
1022 2136 1216 2209 enim
1284 2136 1392 2227 (in
1446 2138 1571 2233 fig.
1629 2138 1707 2230 2)
1750 2138 2018 2210 mobile
2071 2138 2139 2210 A
2163 2138 2248 2226 B,
2305 2147 2486 2233 puta
2530 2157 2826 2223 navem,

750 2251 957 2344 cujus
1043 2249 1430 2345 longitudo
1492 2275 1538 2323 a
1602 2275 1826 2346 prora
1904 2249 2002 2323 ad
2086 2249 2390 2347 puppim
2477 2247 2576 2320 sit
2643 2247 2711 2318 A
2740 2247 2827 2318 Β.

748 2363 1032 2435 Ventus
1099 2375 1347 2435 autem
1431 2363 1570 2458 ipsi
1639 2364 2018 2436 incumbat
2103 2362 2502 2435 secundum
2582 2372 2830 2432 rectas

748 2473 1130 2571 parallelas
1167 2474 1225 2546 C
1250 2475 1333 2564 B,
1390 2475 1455 2547 D
1481 2476 1564 2565 Ε,
1622 2475 1805 2560 FG;
1860 2488 1936 2548 et
1987 2500 2033 2548 a
2064 2487 2341 2573 puncto
2379 2475 2440 2546 B
2477 2472 2703 2546 ducta
2731 2473 2833 2545 ad

748 2600 1029 2660 rectam
1075 2588 1142 2659 A
1172 2588 1231 2659 B
1289 2589 1915 2684 perpendicularis
1974 2602 2175 2662 secet
2227 2591 2291 2661 D
2315 2590 2400 2677 E,
2455 2589 2511 2659 F
2537 2587 2600 2660 G
2650 2587 2729 2658 in
2768 2587 2830 2658 E

751 2713 827 2772 et
861 2700 946 2773 G.
1052 2700 1359 2796 Sintque
1408 2701 1467 2771 Β
1491 2702 1575 2790 Ε,
1632 2703 1692 2774 Ε
1721 2702 1784 2775 G
1836 2702 2031 2775 inter
2079 2726 2156 2776 se
2208 2702 2547 2798 aequales,
2585 2712 2661 2772 et
2694 2724 2832 2772 an-

751 2812 965 2908 gulus
994 2814 1065 2885 A
1085 2813 1146 2884 Β
1174 2813 1233 2884 C
1268 2813 1979 2910 quantuluscunque.
2090 2814 2372 2887 Deinde
2414 2813 2609 2886 inter
2647 2813 2706 2883 Β
2738 2813 2830 2898 C,

756 2926 815 2996 B
838 2927 906 2997 A
934 2925 1245 2996 ducatur
1271 2937 1477 2997 recta
1511 2926 1645 3014 BI,
1683 2927 2084 2999 secundum
2119 2951 2339 3021 quam
2366 2925 2834 3022 concipiatur

755 3037 1070 3135 expandi
1104 3038 1370 3127 velum,
1409 3039 1485 3110 in
1535 3039 1731 3135 quod
1760 3040 2003 3112 velum
2057 3041 2418 3137 impingat
2451 3049 2715 3111 ventus
2751 3038 2832 3110 in

756 3151 1049 3249 punctis
1109 3152 1191 3240 L,
1229 3150 1338 3237 M,
1397 3151 1481 3239 B,
1518 3176 1564 3224 a
1599 3152 1861 3248 quibus
1915 3155 2210 3249 punctis
2264 3153 2630 3226 ducantur
2661 3174 2833 3248 per-

756 3264 1327 3360 pendiculariter
1351 3276 1574 3337 rectae
1600 3266 1758 3351 ΒΚ,
1788 3266 1969 3351 MQ,
2000 3268 2137 3340 LP.
2242 3266 2576 3362 Denique
2613 3287 2836 3360 super

758 3389 1036 3451 rectam
1072 3377 1210 3450 BG
1243 3376 1609 3450 ducantur
1640 3378 2279 3475 perpendiculares
2335 3380 2495 3466 EN,
2518 3378 2581 3451 G
2603 3378 2667 3451 O
2724 3401 2836 3450 se-

761 3502 1013 3564 cantes
1051 3491 1185 3562 BK
1219 3490 1295 3562 in
1332 3491 1404 3562 H
1444 3504 1519 3564 et
1555 3493 1648 3580 K,
1683 3494 2010 3589 fiantque
2054 3493 2222 3581 HN,
2257 3493 2393 3566 ΚΟ
2423 3504 2585 3565 tum
2607 3502 2833 3564 rectae

770 3604 917 3684 ΒΑ,
954 3616 1113 3675 tum
1147 3604 1340 3676 inter
1374 3628 1451 3676 se
1479 3606 1818 3701 aequaleS.
1922 3606 2105 3679 Dico
2139 3606 2298 3678 fore
2326 3618 2412 3679 ut
2438 3605 2645 3678 navis
2679 3604 2832 3693 BA,

763 3742 808 3789 a
839 3729 1061 3790 vento
1098 3717 1423 3814 spirante
1469 3742 1604 3812 per
1640 3718 1698 3789 C
1732 3717 1817 3807 B,
1855 3718 1921 3791 D
1944 3720 2028 3808 E,
2066 3718 2122 3789 F
2142 3718 2229 3806 G,
2282 3718 2605 3815 aliasque
2656 3717 2836 3813 ipsis

764 3829 1170 3926 parallelas,
1223 3831 1692 3927 provehatur,
1751 3831 1905 3905 fere
1978 3831 2055 3904 in
2131 3832 2553 3928 oppositum
2606 3831 2838 3912 venti,

765 3941 845 4015 id
895 3955 1028 4032 est,
1062 3967 1195 4040 per
1234 3944 1431 4016 viam
1460 3944 1600 4017 viae
1647 3945 2012 4018 moventis
2043 3944 2196 4017 fere
2232 3945 2702 4017 contrariam.

865 4056 1150 4129 Ventus
1219 4058 1439 4145 enim,
1510 4057 1634 4152 qui
1701 4059 1834 4130 flat
1902 4058 2305 4131 secundum
2375 4058 2433 4128 C
2463 4058 2547 4146 B,
2635 4058 2844 4130 dabit

769 4181 1116 4242 conatum
1150 4183 1426 4267 puncto
1466 4170 1525 4241 B
1559 4170 2008 4267 procedendi
2062 4170 2176 4265 (ut
2201 4183 2342 4244 art.
2373 4179 2418 4243 6
2466 4183 2846 4244 ostensum

773 4284 915 4376 est)
955 4307 1087 4380 per
1122 4295 1402 4356 rectam
1436 4295 1662 4357 rectae
1699 4284 1817 4357 BI
1852 4283 2558 4380 perpendicularem,
2597 4285 2674 4356 id
2709 4296 2848 4372 est,

771 4419 904 4490 per
939 4396 999 4468 B
1028 4397 1120 4484 K,
1159 4408 1235 4468 et
1278 4397 1572 4491 punctis
1625 4397 1703 4468 M
1742 4410 1818 4470 et
1847 4398 1907 4469 L
1939 4396 2387 4493 procedendi
2428 4421 2561 4492 per
2605 4410 2851 4471 rectas
