3182 5102
840 459 945 510 DE
988 458 1322 511 moums
1363 456 2037 510 DEFICIENTIBUS.
2326 443 2470 509 215

399 620 615 695 lelam
652 624 718 697 D
747 624 828 708 C,
881 624 1103 698 toties
1138 624 1428 720 quoties
1463 648 1646 720 opus
1682 624 1847 714 erit,
1901 636 2275 698 secantem
2308 624 2370 697 B
2394 624 2460 697 D
2493 626 2668 677 PARS
2703 626 2810 678 ΠΕ·

2618 693 2694 744 17.

400 733 477 807 in
513 736 599 824 G,
654 750 725 810 et
763 762 970 811 sumo
1007 739 1201 811 inter
1249 739 1309 810 E
1333 739 1411 826 F,
1464 739 1524 810 E
1547 738 1612 811 G
1664 749 1813 810 tres
1849 738 2125 811 medias
2153 761 2461 835 propor-
2516 761 2795 799 »ῆν-θ

2490 830 2769 881 Ean-undem

400 846 711 922 tionales
770 851 830 922 E
857 851 956 939 H,
1004 851 1146 939 EI,
1195 850 1256 921 E
1283 850 1374 923 K.
1478 850 1740 945 Itaque
1792 849 2034 923 ductis
2084 850 2298 924 lineis
2331 874 2464 946 per
2488 896 2752 959 figuntur„

399 961 648 1034 omnia
677 974 956 1058 puncta
1009 964 1107 1051 H,
1158 963 1290 1034 fiet
1323 963 1561 1058 figura
1595 963 1655 1035 B
1680 963 1752 1034 H
1782 963 1848 1035 D
1876 964 1958 1052 C,
2012 987 2104 1036 ex
2137 963 2297 1036 istis
2334 963 2467 1036 tri·
2489 962 2744 1024 ᾶωήνῑὶο

395 1070 608 1147 lineis
640 1076 959 1171 primum
990 1107 1008 1161 3
1047 1087 1122 1148 et
1154 1099 1291 1172 per
1323 1075 1570 1148 omnia
1597 1087 1876 1172 puncta
1910 1077 1943 1148 I
1979 1078 2110 1149 fiet
2145 1076 2207 1149 B
2229 1077 2263 1148 I
2288 1077 2354 1148 D
2379 1076 2461 1167 C,

397 1208 487 1259 ex
524 1187 780 1261 iisdem
808 1190 1120 1263 trilineis
1155 1188 1600 1271 secundum;
1638 1200 1714 1261 et
1747 1213 1880 1285 per
1914 1189 2161 1263 omnia
2185 1201 2465 1285 puncta

398 1300 492 1387 K,
514 1301 644 1373 fiet
671 1302 1042 1375 trilineum
1069 1303 1369 1376 tertium
1394 1303 1454 1374 B
1484 1303 1550 1373 K
1580 1302 1648 1375 D
1677 1302 1755 1374 C.
1822 1304 2111 1376 Horum
2145 1302 2461 1398 primum

401 1412 607 1508 (quia
632 1417 822 1489 ratio
857 1417 917 1488 E
947 1417 1004 1487 F
1061 1416 1156 1488 ad
1213 1416 1273 1487 E
1296 1415 1359 1488 G
1410 1414 1969 1510 quadruplicata
2003 1425 2118 1487 est
2153 1415 2460 1488 rationis

392 1525 453 1596 E
485 1526 540 1597 F
564 1527 659 1600 ad
678 1529 738 1600 E
763 1527 871 1620 H)
900 1528 1041 1600 erit
1069 1528 1163 1601 ad
1185 1527 1804 1624 complementum
1832 1552 2043 1601 suum
2072 1539 2157 1599 ut
2184 1537 2227 1601 4
2266 1528 2359 1601 ad
2398 1539 2457 1617 l,

393 1651 469 1711 et
531 1640 624 1713 ad
684 1641 1446 1738 parallelogrammum
1506 1652 1591 1713 ut
1638 1650 1681 1714 4
1732 1641 1828 1714 ad
1865 1651 1932 1713 5.
2038 1641 2458 1714 Secundum

398 1751 602 1847 (quia
632 1754 824 1827 ratio
858 1755 919 1826 E
950 1756 1005 1827 F
1038 1755 1131 1828 ad
1165 1756 1227 1827 E
1257 1754 1321 1827 G
1354 1754 1450 1827 ad
1484 1754 1850 1827 rationem
1884 1755 1944 1826 E
1976 1754 2033 1826 F
2066 1754 2163 1827 ad
2194 1756 2312 1827 EI
2343 1767 2459 1827 est

388 1877 476 1939 ut
509 1875 552 1939 4
590 1866 686 1939 ad
719 1869 797 1959 2)
839 1868 982 1941 erit
1030 1867 1546 1964 complementi
1581 1866 1696 1940 sui
1731 1866 2057 1963 duplum,
2094 1878 2172 1940 et
2217 1867 2458 1963 paral-

386 1977 843 2076 lelogrammi
909 1986 954 2067 ξς
1020 1982 1172 2054 sive
1265 1978 1986 2075 subsesquialterum.
2122 1979 2456 2053 Tertium

394 2092 602 2188 (quia
651 2094 842 2167 ratio
883 2095 944 2166 E
972 2095 1028 2166 F
1084 2094 1180 2167 ad
1226 2095 1286 2165 E
1316 2094 1377 2167 G
1412 2092 1507 2166 ad
1561 2093 1925 2165 rationem
1968 2092 2029 2163 E
2058 2092 2115 2164 F
2158 2091 2253 2164 ad
2295 2094 2354 2165 E
2386 2094 2452 2164 K

387 2216 502 2278 est
535 2217 622 2278 ut
655 2216 698 2280 4
738 2208 835 2280 ad
869 2208 946 2302 3)
989 2208 1131 2281 erit
1166 2206 1684 2303 complementi
1719 2205 1833 2279 sui
1879 2205 2451 2301 sesquitertium,

384 2317 539 2391 sive
597 2332 682 2393 ut
741 2330 784 2394 4
844 2321 939 2394 ad
996 2330 1040 2394 3
1074 2352 1092 2403 ;
1153 2319 1819 2417 parallelogrammi
1885 2342 2061 2392 vero
2133 2331 2451 2415 quatuor

386 2431 741 2526 septimae,
777 2433 931 2506 sive
963 2445 1051 2506 ut
1088 2443 1131 2507 4
1170 2433 1264 2505 ad
1302 2442 1370 2515 7.
2158 2472 2161 2475 ·

483 2545 874 2643 Descripta
900 2546 1156 2620 harum
1181 2547 1582 2643 figurarum
1609 2545 1955 2643 quaelibet
1986 2544 2294 2642 produci
2316 2572 2412 2643 po

384 2667 534 2730 test
569 2673 921 2754 quantum
958 2661 1122 2757 quis
1155 2660 1496 2748 voluerit,
1524 2659 1667 2732 hoc
1701 2659 1943 2733 modo.
2020 2659 2134 2731 Sit
2155 2660 2447 2735 ABCD

389 2771 496 2862 (in
530 2773 654 2869 fig.
685 2775 764 2865 4)
803 2774 1588 2871 parallelogrammum,
1637 2773 1714 2845 in
1770 2797 1916 2868 quo
1954 2772 2323 2868 descripta
2349 2772 2447 2845 sit

381 2883 618 2979 figura
652 2885 712 2957 B
736 2887 804 2958 K
828 2888 894 2960 D
918 2887 998 2976 C,
1038 2886 1291 2960 eadem
1328 2911 1492 2982 quae
1528 2886 1605 2958 in
1640 2886 1878 2982 figura
1907 2885 2237 2981 proxime
2258 2909 2446 2981 prae-

380 2996 713 3084 cedente,
747 3023 1012 3096 nempe
1047 3024 1137 3072 ex
1173 2999 1433 3072 mediis
1470 2998 1705 3071 tribus
1739 2998 2062 3070 tertium.
2168 2997 2444 3071 Produ-

380 3120 593 3182 catur
630 3110 690 3182 B
726 3111 792 3184 D
827 3124 1201 3208 utcunque
1230 3113 1306 3186 in
1342 3113 1428 3200 E,
1465 3123 1542 3184 et
1573 3112 1707 3185 fiat
1740 3112 1800 3183 E
1828 3111 1885 3183 F
1910 3111 2258 3206 parallela
2281 3111 2441 3184 basi

378 3221 447 3293 D
475 3222 557 3310 C,
594 3245 849 3297 secans
883 3225 950 3297 A
978 3225 1044 3298 D
1077 3225 1513 3322 productam
1546 3225 1626 3297 in
1662 3223 1767 3308 G;
1822 3235 2151 3296 sumatur
2176 3226 2331 3320 jam
2364 3226 2442 3297 in

379 3333 442 3406 G
468 3335 528 3406 E
577 3347 931 3430 punctum
990 3338 1090 3426 H,
1146 3338 1253 3410 ita
1291 3350 1377 3410 ut
1429 3338 1619 3412 ratio
1657 3338 1712 3410 F
1733 3337 1793 3409 E
1828 3336 1923 3409 ad
1959 3338 2014 3409 F
2035 3337 2096 3410 G
2132 3337 2229 3410 sit
2264 3361 2443 3432 qua-

378 3445 791 3543 druplicata
842 3451 1150 3524 rationis
1205 3451 1342 3523 FE
1396 3451 1493 3524 ad
1526 3451 1582 3522 F
1606 3451 1722 3532 H;
1762 3449 1960 3545 quod
2002 3451 2135 3522 fiet
2188 3450 2250 3523 si
2285 3450 2437 3522 FH

376 3559 475 3632 sit
510 3560 731 3632 trium
764 3562 1446 3658 proportionalium,
1483 3563 1680 3635 inter
1715 3563 1852 3635 FE
1903 3573 1981 3635 et
2015 3564 2072 3636 F
2092 3563 2156 3636 G
2204 3563 2435 3636 inter-

365 3675 754 3770 jectarum,
816 3675 1133 3749 maxima
1163 3708 1181 3760 ;
1253 3676 1598 3750 transibit
1650 3676 1846 3748 linea
1898 3700 2124 3749 curva
2186 3675 2243 3746 B
2270 3676 2338 3747 K
2368 3674 2434 3747 D

370 3788 756 3885 producta,
785 3814 917 3886 per
949 3803 1305 3886 punctum
1343 3792 1441 3863 H.
1545 3792 1790 3862 Ducta
1814 3789 2010 3862 enim
2045 3790 2105 3861 B
2131 3789 2203 3860 H
2231 3800 2437 3861 recta

372 3912 669 3974 secante
705 3903 763 3975 C
786 3903 852 3976 D
888 3903 964 3975 in
999 3904 1056 3991 I,
1102 3916 1177 3976 et
1214 3905 1286 3976 H
1312 3905 1372 3977 L
1405 3903 1756 4000 parallela
1786 3916 2009 3976 rectae
2043 3902 2107 3975 G
2129 3903 2218 3991 D,
2268 3925 2433 3999 quae

370 4027 710 4088 occurrat
762 4015 909 4089 CD
958 4016 1339 4112 productae
1388 4017 1467 4089 in
1501 4017 1585 4102 L,
1638 4016 1781 4088 erit
1835 4015 1975 4087 CL
2027 4015 2122 4088 ad
2183 4015 2296 4088 CI
2346 4026 2433 4088 ut

369 4128 504 4200 FE
540 4127 636 4200 ad
669 4127 832 4214 FG,
882 4129 1025 4202 hoc
1082 4141 1215 4218 est,
1274 4130 1352 4202 in
1407 4130 1692 4203 ratione
1746 4130 1882 4202 FE
1936 4128 2032 4202 ad
2066 4130 2218 4202 FH
2276 4128 2430 4201 sive

368 4240 428 4313 C
449 4241 515 4313 D
551 4239 646 4314 ad
682 4241 796 4314 CI
831 4242 1404 4339 quadruplicata.
1511 4243 1761 4317 Quare
1811 4253 2166 4339 punctum
2203 4243 2275 4314 H
2314 4252 2427 4315 est

2490 1035 2540 1076 et
2557 1027 2817 1092 productio»
