3182 5102
371 648 541 696 PARS
577 648 620 697 Ι.

318 2124 565 2173 Venabula

317 2188 583 2237 inventioni

317 2255 532 2302 serviunt
554 2260 610 2301 ut

316 2327 457 2375 notae,
501 2319 584 2365 dc-

316 2382 650 2432 monstrationi

319 2457 373 2496 ut
393 2449 536 2496 verba

317 2513 649 2578 significantia.

702 454 795 531 70
1167 472 1698 524 COMPUTATIO
1741 474 1927 524 slvn
1967 474 2292 532 Loch.

704 664 790 713 ex
855 650 1064 711 motu
1125 638 1476 712 continuo
1541 640 1634 712 ab
1696 640 1978 737 origine
2042 643 2199 737 ejus
2262 641 2359 713 ad
2418 640 2778 737 originem

706 763 952 825 motus
999 750 1269 840 vitaliS,
1325 753 1531 847 cujus
1582 752 1880 847 quidem
1923 765 2171 826 motus
2211 752 2456 826 vitalis
2491 776 2537 824 a
2569 765 2782 825 motu

706 865 831 938 illo
893 863 1329 937 adveniente
1390 866 1705 938 mutatio
1769 878 1882 939 est
1936 867 2175 964 ipsum
2235 866 2508 939 lumen.
2635 865 2784 938 Sed

706 977 864 1050 haec
914 978 1113 1051 dicta
1160 978 1308 1051 sint
1347 1003 1483 1074 pro
1528 980 1863 1075 exemplo
1912 991 2229 1068 tantum,
2268 1003 2443 1051 nam
2496 978 2585 1050 de
2620 979 2783 1075 ipso

704 1090 982 1163 lumine
1013 1091 1209 1164 unde
1232 1102 1308 1163 et
1337 1091 1707 1186 quomodo
1736 1104 2157 1188 generetur,
2188 1093 2367 1164 alias
2402 1091 2782 1186 magisque

708 1227 840 1275 suo
902 1204 1066 1277 loco
1116 1204 1507 1277 dicendum
1551 1216 1685 1277 est.
1791 1204 2085 1278 Interea
2136 1204 2609 1278 manifestum
2669 1214 2784 1275 est

709 1316 908 1411 quod
940 1317 1018 1389 in
1054 1342 1440 1390 causarum
1487 1317 2061 1413 investigatione
2110 1319 2384 1415 partim
2429 1316 2783 1390 methodo

707 1430 1076 1526 analytica
1121 1432 1395 1527 partim
1435 1432 1855 1527 synthetica
1908 1456 2092 1528 opus
2127 1444 2262 1506 est.
2365 1430 2780 1526 Analytica,

707 1543 800 1615 ad
836 1545 1141 1617 effectus
1189 1545 1782 1618 circumstantias
1826 1545 2202 1642 sigillatim
2238 1542 2782 1640 concipiendas,

707 1656 1125 1751 synthetica
1170 1657 1265 1729 ad
1299 1681 1386 1730 ea
1437 1682 1601 1753 quae
1653 1659 1961 1755 singulae
2011 1684 2144 1756 per
2195 1683 2273 1732 se
2324 1658 2654 1730 efficiunt
2704 1657 2783 1728 in

706 1793 936 1841 unum
970 1771 1500 1865 componenda.
1607 1772 1914 1845 Tradita
1951 1773 2106 1867 jam
2156 1770 2578 1846 inveniendi
2629 1793 2782 1842 me-

706 1881 963 1971 thod0,
1013 1882 1405 1956 dicendum
1451 1895 1687 1957 restat
1722 1885 1815 1957 de
1850 1886 2201 1959 methodo
2252 1883 2590 1973 docendi,
2640 1882 2784 1954 hoc

708 2005 844 2081 est,
881 1993 972 2067 de
1008 1995 1661 2084 demonstratione,
1698 2009 1774 2069 et
1809 1997 2363 2071 demonstrandi
2397 1995 2681 2068 mediis.

815 2116 927 2180 ll.
983 2107 1071 2179 Ιο
1133 2108 1483 2182 methodo
1539 2110 1988 2198 inveniendi,
2034 2136 2210 2185 usus
2254 2109 2784 2184 vocabulorum

709 2220 1048 2293 consistit
1083 2220 1160 2292 in
1196 2244 1310 2312 eo,
1345 2233 1431 2294 ut
1465 2221 1617 2294 sint
1653 2233 1865 2312 ποίεε,
1896 2224 2160 2319 quibus
2190 2248 2354 2320 quae
2383 2222 2788 2295 adinventa

708 2345 881 2406 sunt
927 2334 1258 2406 revocari
1305 2334 1383 2406 in
1414 2336 1847 2408 memoriam
1898 2337 2230 2433 possint;
2284 2360 2458 2408 nam
2504 2334 2648 2406 nisi
2705 2334 2783 2406 id

707 2447 861 2533 fiat,
915 2446 1266 2541 quicquid
1318 2447 1731 2522 invenimus
1785 2449 2030 2545 perit;
2082 2473 2322 2544 neque
2355 2445 2704 2544 progredi
2738 2470 2786 2517 a

706 2560 1087 2657 principiis
1123 2586 1272 2634 uno
1295 2574 1425 2634 aut
1448 2563 1685 2636 altero
1714 2562 2135 2659 syllogismo
2158 2562 2450 2658 longius
2478 2571 2783 2657 propter

706 2673 1285 2746 imbecillitatem
1340 2675 1714 2748 memoriae
1780 2675 2126 2771 possibile
2181 2687 2317 2749 est.
2447 2672 2782 2768 Exempli

707 2786 972 2881 gratia,
1031 2787 1092 2859 si
1129 2788 1290 2883 quis
1327 2788 1896 2885 contemplando
1955 2788 2279 2885 positum
2315 2802 2487 2860 ante
2530 2785 2782 2859 oculos

709 2900 866 2994 ejus
901 2899 1203 2996 aliquod
1237 2900 1713 2997 triangulum,
1736 2901 2104 2973 inveniret
2133 2899 2331 2996 quod
2353 2898 2605 2995 anguli
2624 2899 2782 2993 ejus

711 3036 964 3085 omnes
991 3012 1205 3084 simul
1234 3013 1531 3110 sumpti,
1564 3014 1880 3109 aequales
1908 3026 2154 3086 essent
2183 3013 2469 3085 duobus
2492 3011 2784 3107 angulis

709 3125 956 3212 rectiS,
991 3125 1211 3221 idque
1245 3151 1403 3200 rem
1436 3128 1670 3223 ipsam
1702 3126 1929 3199 tacite
1966 3126 2363 3223 cogitando
2395 3125 2551 3198 sine
2581 3125 2779 3197 omni

708 3240 1102 3312 verborum
1138 3252 1290 3312 tam
1326 3251 1856 3336 conceptorum
1885 3264 2104 3335 quam
2131 3238 2590 3336 prolatorum
2618 3262 2781 3324 usu,

710 3353 1176 3450 contingeret
1211 3353 1316 3426 illi
1351 3365 1436 3426 ut
1469 3354 1547 3425 in
1582 3353 1833 3426 oblato
1864 3352 2233 3448 triangulo
2256 3352 2517 3441 altero,
2552 3351 2782 3447 priori

710 3463 1068 3553 dissimili,
1104 3466 1220 3537 vel
1256 3465 1478 3538 etiam
1513 3465 1590 3538 in
1620 3464 1904 3554 eodem,
1942 3465 2072 3537 sed
2106 3464 2511 3538 secundum
2555 3464 2780 3536 alium

710 3577 934 3650 situm
989 3590 1411 3675 conspecto,
1466 3589 1719 3650 utrum
1774 3601 1862 3650 ea
1911 3578 2326 3674 proprietas
2382 3577 2659 3649 inesset
2712 3577 2781 3649 ei

708 3714 966 3779 necne,
1023 3691 1399 3786 ignoraret
1430 3716 1448 3773 ;
1502 3701 1579 3763 et
1611 3689 1922 3785 proinde
1958 3690 2055 3762 ad
2088 3689 2378 3785 singula
2412 3689 2782 3785 triangula

707 3804 1111 3900 proposita,
1171 3828 1333 3899 quae
1367 3803 1844 3876 multitudine
1879 3803 2172 3875 infinita
2208 3815 2405 3891 sunt,
2450 3815 2779 3876 contem-

707 3919 936 4013 platio
976 3918 1216 3990 denuo
1252 3917 1710 3991 instituenda
1743 3928 1960 3990 esset.
2064 3916 2152 3988 Id
2188 3916 2389 4013 quod
2413 3939 2546 4012 per
2566 3941 2780 3990 voca-

706 4031 1049 4104 bulorum
1080 4055 1295 4104 usum
1358 4030 1705 4127 (quorum
1753 4030 2333 4128 unumquodque
2366 4030 2779 4103 universale

710 4145 1188 4240 singularium
1220 4168 1470 4217 rerum
1505 4155 1907 4241 conceptus
1947 4144 2253 4216 denotat
2287 4143 2775 4234 infinitarum)

707 4282 1006 4331 necesse
1043 4282 1194 4331 non
1238 4269 1374 4330 est.
1479 4256 1902 4330 Inserviunt
1936 4266 2186 4328 tamen
2223 4254 2656 4342 inventioni,
2694 4267 2780 4327 ut

698 4371 850 4465 jam
909 4370 1084 4460 dixi,
1150 4382 1499 4466 tanquam
1565 4379 1754 4443 ποίεε
1807 4369 1903 4441 ad
1961 4367 2414 4457 memoriam,
2482 4391 2632 4440 non
2694 4381 2782 4440 ut
