3182 5102
766 447 910 527 376
996 518 1010 533 ,
1096 491 1101 496 ·
1613 465 1989 528 Panch.

399 637 575 686 PARS
610 637 697 687 IV·
766 634 1073 706 Constat
1125 656 1300 729 ergo
1353 656 1443 704 ex
1478 632 1643 705 luce
1678 632 1923 720 debili,
1978 633 2109 706 sed
2140 634 2398 729 prima,
2436 632 2670 729 qualis
2722 646 2829 705 est

501 703 580 753 2-7.

417 774 681 811 »ἥρ-κ
765 745 939 818 dum
972 745 1235 818 transit
1270 745 1717 841 diaphanum
1751 745 1986 841 magis
2019 747 2384 835 resistenS,
2415 759 2502 819 ut
2536 747 2829 833 vitrum,

340 1750 501 1801 Quare
534 1753 652 1798 luna
687 1760 736 1800 et

338 1815 494 1864 stellae
508 1826 736 1879 apparent

762 857 1167 930 incidentes
1222 857 1466 929 radios
1515 868 1970 930 transversos
2009 858 2250 932 facere
2300 859 2689 942 ruborem3
2745 884 2831 931 ex

760 971 921 1043 luce
975 971 1214 1067 prima
1265 971 1593 1060 fortiore,
1655 970 1888 1068 qualis
1945 984 2060 1044 est
2125 973 2203 1045 in
2262 973 2502 1045 medio
2555 974 2836 1045 rariore

760 1083 953 1156 infra
1010 1096 1290 1157 rectam
1358 1084 1425 1156 A
1446 1084 1529 1174 C,
1591 1084 1999 1158 incidentes
2066 1086 2309 1160 radios
2376 1099 2836 1159 transversos

758 1195 1001 1269 facere
1033 1196 1511 1279 flavedinem;
1564 1221 1656 1268 ex
1700 1197 1863 1269 luce
1898 1199 2221 1272 secunda
2252 1200 2580 1287 fortiore,
2635 1213 2725 1271 ut
2760 1201 2834 1271 in

762 1309 1130 1404 triangulo
1168 1309 1225 1381 C
1248 1309 1311 1381 G
1335 1310 1427 1397 Κ,
1465 1309 1666 1404 quod
1693 1311 2107 1405 proximum
2139 1324 2253 1384 est
2286 1313 2432 1385 luci
2472 1313 2756 1409 primae,
2792 1338 2836 1384 a

762 1423 1194 1495 transversis
1250 1422 1473 1494 radiis
1528 1423 1690 1494 fieri
1731 1423 2097 1507 virorem;
2152 1450 2242 1498 ex
2298 1426 2460 1498 luce
2517 1426 2838 1520 denique

762 1536 1085 1608 secunda
1131 1535 1630 1623 imbecilliore,
1691 1547 1778 1608 ιιι
1825 1537 1903 1609 in
1951 1538 2315 1634 triangulo
2353 1540 2413 1611 C
2440 1541 2507 1611 K
2535 1539 2617 1627 L,
2672 1539 2836 1610 fieri

760 1650 1081 1721 colorem
1115 1672 1584 1744 purpureum.

871 1772 980 1835 14.
1036 1763 1173 1834 Per
1207 1785 1293 1833 ea
1327 1785 1491 1857 quae
1518 1761 1738 1833 modo
1767 1771 2065 1835 ostensa
2105 1774 2297 1853 sunt,
2347 1788 2569 1837 causa
2603 1765 2839 1860 expli-

338 1882 387 1927 sn
406 1881 737 1930 horizontem
764 1876 914 1949 cari
948 1887 1218 1972 potest,
1255 1899 1481 1970 quare
1516 1874 1694 1946 luna
1726 1887 1800 1947 et
1848 1876 2076 1949 stellae
2109 1901 2338 1973 prope
2372 1878 2837 1950 horizontem

336 1946 637 1994 bicundiores
655 1957 706 1995 et

334 2011 706 2074 majoresquam
765 2001 1201 2084 conspectae,
1263 2000 1421 2059 tum
1481 1986 1875 2077 rubrioreS,
1939 2000 2098 2062 tum
2141 1991 2456 2085 majores
2489 1989 2842 2062 videntur

338 2076 388 2122 in
404 2076 562 2123 medio
584 2078 721 2125 coelo.

765 2127 985 2198 quam
1020 2101 1096 2173 in
1131 2100 1373 2172 medio
1411 2100 1623 2173 coelo,
1729 2101 1930 2173 Inter
1965 2102 2256 2174 oculum
2292 2103 2488 2174 enim
2526 2114 2602 2174 et
2637 2102 2840 2174 hori-

763 2227 1053 2288 zontem
1122 2224 1596 2310 apparentem
1663 2213 1896 2285 multo
1963 2214 2127 2309 plus
2195 2214 2585 2287 intercedit
2645 2215 2841 2286 aeris

760 2327 1026 2423 impuri
1053 2338 1127 2399 et
1162 2325 1609 2421 corpusculis
1636 2325 1886 2421 aqueis
1919 2326 2318 2423 terreisque
2353 2328 2574 2416 misti,
2613 2353 2838 2422 quam

757 2442 950 2514 inter
1010 2439 1323 2511 eundem
1391 2438 1687 2510 oculum
1765 2451 1840 2510 et
1902 2439 2066 2511 coeli
2130 2440 2475 2512 medium.
2613 2441 2841 2513 Visus

757 2567 1004 2628 autem
1057 2556 1143 2626 fit
1204 2577 1335 2650 per
1390 2553 1636 2625 radios
1698 2553 1775 2626 in
1833 2577 2099 2627 conum
2161 2554 2573 2650 dispositOS,
2626 2558 2843 2650 cujus

755 2670 949 2740 basis
986 2668 1279 2763 quidem
1316 2666 1559 2739 discus
1594 2667 1893 2755 lunaris,
1929 2680 2184 2740 vertex
2219 2680 2468 2740 autem
2505 2667 2582 2740 in
2618 2668 2844 2740 oculo

757 2794 889 2855 est.
1022 2782 1342 2853 Necesse
1401 2804 1576 2875 ergo
1641 2793 1753 2853 est
1818 2792 1902 2854 ιιι
1954 2780 2245 2876 plurimi
2313 2781 2502 2853 radii
2555 2806 2602 2852 a
2659 2782 2844 2853 luna

755 2895 1087 2968 incidant
1136 2894 1212 2965 in
1267 2894 1708 2989 corpuscula
1753 2918 1862 2981 ea,
1900 2917 2066 2989 quae
2101 2906 2273 2965 sunt
2307 2906 2518 2966 extra
2567 2918 2840 2966 conum

754 3008 1130 3093 visualem,
1185 3017 1259 3078 et
1307 3007 1397 3077 ab
1456 3006 1599 3078 illis
1642 3005 1739 3078 ad
1794 3006 2087 3078 oculum
2133 3006 2630 3079 reflectantur.
2737 3009 2842 3078 At

755 3122 943 3194 radii
999 3120 1103 3193 illi
1162 3120 1414 3191 reflexi
1475 3119 1573 3192 ad
1633 3143 1901 3192 conum
1957 3119 2306 3192 visualem
2361 3120 2839 3221 transversim

757 3234 1094 3319 tendunt,
1150 3244 1224 3306 et
1288 3232 1383 3304 ad
1438 3233 1733 3304 oculum
1810 3232 2096 3305 faciunt
2155 3233 2505 3329 angulum
2563 3233 2839 3328 angulo

757 3348 1014 3420 conico
1086 3347 1461 3441 majorem.
1599 3346 1845 3441 Major
1915 3369 2089 3440 ergo
2160 3345 2450 3418 videtur
2516 3346 2695 3418 luna
2765 3346 2839 3417 in

758 3461 1141 3533 horizonte
1179 3483 1398 3554 quam
1433 3459 1510 3530 in
1543 3458 1787 3530 medio
1824 3457 2035 3530 coelo,
2137 3458 2233 3530 Et
2268 3457 2615 3553 quoniam
2652 3459 2842 3530 radii

759 3573 1013 3646 reflexi
1054 3571 1523 3644 transversim
1561 3583 1764 3659 eunt,
1800 3571 1888 3642 fit
1943 3570 2106 3665 (per
2139 3569 2530 3642 articulum
2558 3595 2842 3667 praece-

762 3686 1092 3777 dentem)
1133 3685 1382 3756 rubor.
1486 3685 1804 3757 Ostensa
1836 3707 2011 3779 ergo
2048 3695 2160 3755 est
2207 3707 2429 3757 causa
2470 3684 2841 3780 possibilis

760 3825 984 3898 quare
1043 3800 1240 3886 luna,
1303 3810 1389 3870 ut
1448 3811 1523 3871 et
1583 3798 1836 3884 stellae,
1890 3798 1967 3869 in
2026 3797 2408 3869 horizonte
2476 3821 2698 3892 quam
2761 3797 2840 3869 in

761 3914 1004 3987 medio
1042 3912 1228 3984 coelo
1266 3922 1338 3983 et
1374 3909 1929 3983 rubicundiores
1963 3920 2320 4004 apparent
2354 3922 2432 3980 et
2471 3911 2811 4006 majores.

858 4026 1139 4099 Eadem
1178 4047 1401 4096 causa
1450 4046 1608 4096 esse
1655 4033 1922 4118 potest,
1975 4045 2107 4093 cur
2157 4021 2266 4093 sol
2320 4022 2395 4094 in
2449 4022 2840 4095 horizonte

762 4164 980 4236 quam
1018 4139 1093 4211 in
1129 4136 1371 4210 medio
1410 4137 1595 4209 coelo
1638 4148 1714 4209 et
1747 4137 1982 4232 major
2022 4146 2350 4230 apparet,
2388 4147 2464 4207 et
2511 4135 2758 4207 colore
2793 4161 2843 4208 a

764 4252 1081 4325 candore
1136 4250 1627 4345 degenerante
1673 4249 1749 4320 in
1783 4247 2240 4320 fiavedinem.
2325 4248 2602 4320 Eadem
2638 4249 2838 4321 enim

762 4375 872 4437 est
938 4363 1235 4437 reflexio
1304 4361 1396 4433 ab
1457 4361 1909 4457 interpositis
1968 4360 2443 4455 corpusculis,
2495 4360 2852 4457 idemque-
