<?xml version="1.0" encoding="UTF-8"?>
<!DOCTYPE html PUBLIC "-//W3C//DTD XHTML 1.0 Transitional//EN"
    "http://www.w3.org/TR/xhtml1/DTD/xhtml1-transitional.dtd">
<html xmlns="http://www.w3.org/1999/xhtml" xml:lang="en" lang="en">
 <head>
  <title>
</title>
<meta http-equiv="Content-Type" content="text/html;charset=utf-8" />
  <meta name='ocr-system' content='tesseract 3.04.00' />
  <meta name='ocr-capabilities' content='ocr_page ocr_carea ocr_par ocr_line ocrx_word'/>
</head>
<body>
  <div class='ocr_page' id='page_1' title='image "./thomhobbesmalme03molegoog_0311.png"; bbox 0 0 3182 5102; ppageno 0'>
   <div class='ocr_carea' id='block_1_1' title="bbox 880 464 2428 557">
    <p class='ocr_par' dir='ltr' id='par_1_1' title="bbox 880 464 2428 557">
     <span class='ocr_line' id='line_1_1' title="bbox 880 464 2428 557; baseline -0.004 -18"><span class='ocrx_word' id='word_1_1' title='bbox 880 482 986 540; x_wconf 69' lang='grc' dir='ltr'>ΒΕ</span> <span class='ocrx_word' id='word_1_2' title='bbox 1026 485 1317 557; x_wconf 66' lang='lat' dir='ltr'>anca-o,</span> <span class='ocrx_word' id='word_1_3' title='bbox 1359 484 1665 556; x_wconf 74' lang='lat' dir='ltr'>convo,</span> <span class='ocrx_word' id='word_1_4' title='bbox 1705 486 1880 539; x_wconf 74' lang='lat' dir='ltr'>Ero.</span> <span class='ocrx_word' id='word_1_5' title='bbox 2290 464 2428 535; x_wconf 88' lang='lat'>159</span> 
     </span>
    </p>
   </div>
   <div class='ocr_carea' id='block_1_2' title="bbox 347 622 2780 867">
    <p class='ocr_par' dir='ltr' id='par_1_2' title="bbox 347 622 2780 867">
     <span class='ocr_line' id='line_1_2' title="bbox 347 622 2776 771; baseline -0.006 -41"><span class='ocrx_word' id='word_1_6' title='bbox 347 665 716 751; x_wconf 89' lang='lat' dir='ltr'>punctum</span> <span class='ocrx_word' id='word_1_7' title='bbox 774 654 1159 753; x_wconf 87' lang='lat' dir='ltr'>quodlibet</span> <span class='ocrx_word' id='word_1_8' title='bbox 1221 656 1527 730; x_wconf 88' lang='lat' dir='ltr'>tertium</span> <span class='ocrx_word' id='word_1_9' title='bbox 1586 622 2010 752; x_wconf 85' lang='lat' dir='ltr'>ubicunque</span> <span class='ocrx_word' id='word_1_10' title='bbox 2059 652 2429 751; x_wconf 87' lang='lat' dir='ltr'>positum;</span> <span class='ocrx_word' id='word_1_11' title='bbox 2487 656 2671 771; x_wconf 52' lang='lat' dir='ltr'>PAlffi</span> <span class='ocrx_word' id='word_1_12' title='bbox 2700 652 2776 705; x_wconf 87' lang='lat'>11·</span> 
     </span>
     <span class='ocr_line' id='line_1_3' title="bbox 348 762 2780 867; baseline -0.006 -24"><span class='ocrx_word' id='word_1_13' title='bbox 348 768 606 866; x_wconf 87' lang='lat' dir='ltr'>itaque</span> <span class='ocrx_word' id='word_1_14' title='bbox 658 779 876 843; x_wconf 90' lang='lat' dir='ltr'>erunt</span> <span class='ocrx_word' id='word_1_15' title='bbox 929 771 1178 844; x_wconf 88' lang='lat' dir='ltr'>omnia</span> <span class='ocrx_word' id='word_1_16' title='bbox 1226 771 1304 843; x_wconf 92' lang='lat' dir='ltr'>in</span> <span class='ocrx_word' id='word_1_17' title='bbox 1359 771 1621 845; x_wconf 92' lang='lat' dir='ltr'>eodem</span> <span class='ocrx_word' id='word_1_18' title='bbox 1677 772 1923 867; x_wconf 88' lang='lat' dir='ltr'>plano,</span> <span class='ocrx_word' id='word_1_19' title='bbox 1987 779 2064 842; x_wconf 91' lang='lat' dir='ltr'>et</span> <span class='ocrx_word' id='word_1_20' title='bbox 2121 762 2432 865; x_wconf 84' lang='lat' dir='ltr'>proinde</span> <span class='ocrx_word' id='word_1_21' title='bbox 2498 793 2780 829; x_wconf 33' lang='lat' dir='ltr'>n-ffi-—ae</span> 
     </span>
    </p>
   </div>
   <div class='ocr_carea' id='block_1_3' title="bbox 352 880 2698 1097">
    <p class='ocr_par' dir='ltr' id='par_1_3' title="bbox 352 880 2698 1097">
     <span class='ocr_line' id='line_1_4' title="bbox 352 880 1942 981; baseline 0.001 -26"><span class='ocrx_word' id='word_1_22' title='bbox 352 883 583 956; x_wconf 85' lang='lat' dir='ltr'>etiam</span> <span class='ocrx_word' id='word_1_23' title='bbox 618 895 771 957; x_wconf 86' lang='lat' dir='ltr'>tres</span> <span class='ocrx_word' id='word_1_24' title='bbox 805 895 1032 957; x_wconf 87' lang='lat' dir='ltr'>rectae</span> <span class='ocrx_word' id='word_1_25' title='bbox 1067 907 1233 980; x_wconf 87' lang='lat' dir='ltr'>quae</span> <span class='ocrx_word' id='word_1_26' title='bbox 1267 880 1430 981; x_wconf 88' lang='lat' dir='ltr'>ipsa</span> <span class='ocrx_word' id='word_1_27' title='bbox 1465 895 1942 959; x_wconf 90' lang='lat' dir='ltr'>connectunt.</span> 
     </span>
     <span class='ocr_line' id='line_1_5' title="bbox 454 990 2698 1097; baseline -0.002 -27"><span class='ocrx_word' id='word_1_28' title='bbox 454 1005 526 1070; x_wconf 90' lang='lat'>6.</span> <span class='ocrx_word' id='word_1_29' title='bbox 583 997 768 1071; x_wconf 86' lang='lat' dir='ltr'>Duae</span> <span class='ocrx_word' id='word_1_30' title='bbox 821 996 1038 1071; x_wconf 84' lang='lat' dir='ltr'>lineae</span> <span class='ocrx_word' id='word_1_31' title='bbox 1094 990 1534 1097; x_wconf 77' lang='lat' dir='ltr'>contingere</span> <span class='ocrx_word' id='word_1_32' title='bbox 1594 1020 1672 1073; x_wconf 90' lang='lat' dir='ltr'>se</span> <span class='ocrx_word' id='word_1_33' title='bbox 1735 1007 1992 1072; x_wconf 88' lang='lat' dir='ltr'>mutuo</span> <span class='ocrx_word' id='word_1_34' title='bbox 2064 994 2436 1086; x_wconf 85' lang='lat' dir='ltr'>dicuntur,</span> <span class='ocrx_word' id='word_1_35' title='bbox 2465 1002 2698 1082; x_wconf 68' lang='lat' dir='ltr'>neonifio</span> 
     </span>
    </p>
   </div>
   <div class='ocr_carea' id='block_1_4' title="bbox 354 1071 2865 1211">
    <p class='ocr_par' dir='ltr' id='par_1_4' title="bbox 354 1071 2865 1211">
     <span class='ocr_line' id='line_1_6' title="bbox 354 1071 2865 1211; baseline -0.002 -28"><span class='ocrx_word' id='word_1_36' title='bbox 354 1136 524 1209; x_wconf 78' lang='lat' dir='ltr'>quoe</span> <span class='ocrx_word' id='word_1_37' title='bbox 561 1134 722 1184; x_wconf 81' lang='lat' dir='ltr'>cum</span> <span class='ocrx_word' id='word_1_38' title='bbox 759 1112 869 1185; x_wconf 86' lang='lat' dir='ltr'>ad</span> <span class='ocrx_word' id='word_1_39' title='bbox 898 1111 1092 1185; x_wconf 84' lang='lat' dir='ltr'>idem</span> <span class='ocrx_word' id='word_1_40' title='bbox 1116 1121 1474 1211; x_wconf 79' lang='lat' dir='ltr'>punctum</span> <span class='ocrx_word' id='word_1_41' title='bbox 1527 1113 1923 1203; x_wconf 79' lang='lat' dir='ltr'><strong><em>ducantur,</em></strong></span> <span class='ocrx_word' id='word_1_42' title='bbox 1972 1107 2437 1210; x_wconf 69' lang='lat' dir='ltr'>quantumvis</span> <span class='ocrx_word' id='word_1_43' title='bbox 2463 1071 2865 1197; x_wconf 47' lang='lat' dir='ltr'>Llffissffimium.</span> 
     </span>
    </p>
   </div>
   <div class='ocr_carea' id='block_1_5' title="bbox 354 1220 2458 3146">
    <p class='ocr_par' dir='ltr' id='par_1_5' title="bbox 354 1220 2458 3146">
     <span class='ocr_line' id='line_1_7' title="bbox 357 1220 2441 1323; baseline -0.001 -25"><span class='ocrx_word' id='word_1_44' title='bbox 357 1232 606 1298; x_wconf 82' lang='lat' dir='ltr'>tamen</span> <span class='ocrx_word' id='word_1_45' title='bbox 634 1226 1043 1322; x_wconf 82' lang='lat' dir='ltr'>productoe</span> <span class='ocrx_word' id='word_1_46' title='bbox 1081 1224 1520 1323; x_wconf 79' lang='lat' dir='ltr'>(productoe</span> <span class='ocrx_word' id='word_1_47' title='bbox 1558 1226 1728 1300; x_wconf 81' lang='lat' dir='ltr'>dico</span> <span class='ocrx_word' id='word_1_48' title='bbox 1765 1225 2016 1299; x_wconf 84' lang='lat' dir='ltr'>eodem</span> <span class='ocrx_word' id='word_1_49' title='bbox 2051 1220 2262 1298; x_wconf 82' lang='lat' dir='ltr'>modo</span> <span class='ocrx_word' id='word_1_50' title='bbox 2297 1246 2441 1322; x_wconf 84' lang='lat' dir='ltr'>quo</span> 
     </span>
     <span class='ocr_line' id='line_1_8' title="bbox 354 1334 2442 1436; baseline -0 -26"><span class='ocrx_word' id='word_1_51' title='bbox 354 1347 529 1411; x_wconf 73' lang='lat' dir='ltr'>sunt</span> <span class='ocrx_word' id='word_1_52' title='bbox 552 1338 993 1436; x_wconf 68' lang='lat' dir='ltr'>generatae)</span> <span class='ocrx_word' id='word_1_53' title='bbox 1020 1337 1273 1411; x_wconf 82' lang='lat' dir='ltr'>altera</span> <span class='ocrx_word' id='word_1_54' title='bbox 1295 1339 1618 1412; x_wconf 82' lang='lat' dir='ltr'>alteram</span> <span class='ocrx_word' id='word_1_55' title='bbox 1645 1362 1788 1413; x_wconf 81' lang='lat' dir='ltr'>non</span> <span class='ocrx_word' id='word_1_56' title='bbox 1815 1334 2128 1413; x_wconf 69' lang='lat' dir='ltr'>secabit.</span> <span class='ocrx_word' id='word_1_57' title='bbox 2181 1337 2442 1434; x_wconf 90' lang='lat' dir='ltr'>Itaque</span> 
     </span>
     <span class='ocr_line' id='line_1_9' title="bbox 358 1452 2444 1551; baseline -0.001 -26"><span class='ocrx_word' id='word_1_58' title='bbox 358 1453 525 1526; x_wconf 85' lang='lat' dir='ltr'>duae</span> <span class='ocrx_word' id='word_1_59' title='bbox 591 1464 839 1542; x_wconf 85' lang='lat' dir='ltr'>rectae,</span> <span class='ocrx_word' id='word_1_60' title='bbox 904 1452 966 1526; x_wconf 89' lang='lat' dir='ltr'>si</span> <span class='ocrx_word' id='word_1_61' title='bbox 1031 1477 1109 1525; x_wconf 91' lang='lat' dir='ltr'>se</span> <span class='ocrx_word' id='word_1_62' title='bbox 1163 1464 1422 1527; x_wconf 89' lang='lat' dir='ltr'>mutuo</span> <span class='ocrx_word' id='word_1_63' title='bbox 1486 1452 1952 1551; x_wconf 86' lang='lat' dir='ltr'>contingant,</span> <span class='ocrx_word' id='word_1_64' title='bbox 2015 1473 2149 1551; x_wconf 90' lang='lat' dir='ltr'>per</span> <span class='ocrx_word' id='word_1_65' title='bbox 2205 1461 2444 1524; x_wconf 88' lang='lat' dir='ltr'>totam</span> 
     </span>
     <span class='ocr_line' id='line_1_10' title="bbox 358 1561 2448 1665; baseline -0.001 -26"><span class='ocrx_word' id='word_1_66' title='bbox 358 1567 685 1663; x_wconf 88' lang='lat' dir='ltr'>ipsarum</span> <span class='ocrx_word' id='word_1_67' title='bbox 773 1566 1319 1664; x_wconf 85' lang='lat' dir='ltr'>longitudinem</span> <span class='ocrx_word' id='word_1_68' title='bbox 1404 1562 1779 1665; x_wconf 78' lang='lat' dir='ltr'>contiguae</span> <span class='ocrx_word' id='word_1_69' title='bbox 1860 1577 2102 1641; x_wconf 85' lang='lat' dir='ltr'>erunt.</span> <span class='ocrx_word' id='word_1_70' title='bbox 2239 1561 2448 1638; x_wconf 85' lang='lat' dir='ltr'><strong>Idem</strong></span> 
     </span>
     <span class='ocr_line' id='line_1_11' title="bbox 358 1679 2445 1777; baseline -0.001 -24"><span class='ocrx_word' id='word_1_71' title='bbox 358 1680 640 1753; x_wconf 86' lang='lat' dir='ltr'>facient</span> <span class='ocrx_word' id='word_1_72' title='bbox 694 1679 859 1754; x_wconf 84' lang='lat' dir='ltr'>duae</span> <span class='ocrx_word' id='word_1_73' title='bbox 906 1679 1122 1754; x_wconf 74' lang='lat' dir='ltr'>lineae</span> <span class='ocrx_word' id='word_1_74' title='bbox 1160 1681 1510 1756; x_wconf 86' lang='lat' dir='ltr'>continue</span> <span class='ocrx_word' id='word_1_75' title='bbox 1557 1703 1830 1774; x_wconf 85' lang='lat' dir='ltr'>curvae,</span> <span class='ocrx_word' id='word_1_76' title='bbox 1877 1680 1939 1755; x_wconf 85' lang='lat' dir='ltr'>si</span> <span class='ocrx_word' id='word_1_77' title='bbox 1986 1692 2063 1755; x_wconf 88' lang='lat' dir='ltr'>et</span> <span class='ocrx_word' id='word_1_78' title='bbox 2099 1700 2445 1777; x_wconf 85' lang='lat' dir='ltr'>congruae</span> 
     </span>
     <span class='ocr_line' id='line_1_12' title="bbox 361 1786 2447 1891; baseline 0 -26"><span class='ocrx_word' id='word_1_79' title='bbox 361 1794 536 1884; x_wconf 85' lang='lat' dir='ltr'>sint,</span> <span class='ocrx_word' id='word_1_80' title='bbox 600 1800 678 1866; x_wconf 90' lang='lat' dir='ltr'>et</span> <span class='ocrx_word' id='word_1_81' title='bbox 736 1804 960 1889; x_wconf 90' lang='lat' dir='ltr'>prout</span> <span class='ocrx_word' id='word_1_82' title='bbox 1016 1818 1368 1891; x_wconf 73' lang='lat' dir='ltr'>congruae</span> <span class='ocrx_word' id='word_1_83' title='bbox 1434 1809 1611 1869; x_wconf 86' lang='lat' dir='ltr'>sunt</span> <span class='ocrx_word' id='word_1_84' title='bbox 1663 1792 1771 1870; x_wconf 87' lang='lat' dir='ltr'>ita</span> <span class='ocrx_word' id='word_1_85' title='bbox 1829 1816 1981 1869; x_wconf 89' lang='lat' dir='ltr'>una</span> <span class='ocrx_word' id='word_1_86' title='bbox 2046 1788 2260 1869; x_wconf 86' lang='lat' dir='ltr'>alteri</span> <span class='ocrx_word' id='word_1_87' title='bbox 2318 1786 2447 1866; x_wconf 89' lang='lat' dir='ltr'>ad-</span> 
     </span>
     <span class='ocr_line' id='line_1_13' title="bbox 360 1902 2449 2004; baseline 0 -25"><span class='ocrx_word' id='word_1_88' title='bbox 360 1919 793 1991; x_wconf 78' lang='lat' dir='ltr'>moveatur3</span> <span class='ocrx_word' id='word_1_89' title='bbox 848 1902 1149 2004; x_wconf 86' lang='lat' dir='ltr'>alioqui,</span> <span class='ocrx_word' id='word_1_90' title='bbox 1204 1907 1399 1982; x_wconf 88' lang='lat' dir='ltr'>sicut</span> <span class='ocrx_word' id='word_1_91' title='bbox 1457 1922 1534 1984; x_wconf 89' lang='lat' dir='ltr'>et</span> <span class='ocrx_word' id='word_1_92' title='bbox 1578 1932 1824 1983; x_wconf 86' lang='lat' dir='ltr'>curvae</span> <span class='ocrx_word' id='word_1_93' title='bbox 1883 1930 2138 1983; x_wconf 87' lang='lat' dir='ltr'>omnes</span> <span class='ocrx_word' id='word_1_94' title='bbox 2190 1906 2449 1981; x_wconf 90' lang='lat' dir='ltr'>incon-</span> 
     </span>
     <span class='ocr_line' id='line_1_14' title="bbox 362 2018 2447 2117; baseline 0 -24"><span class='ocrx_word' id='word_1_95' title='bbox 362 2044 595 2117; x_wconf 86' lang='lat' dir='ltr'>gruae‚</span> <span class='ocrx_word' id='word_1_96' title='bbox 632 2045 784 2093; x_wconf 92' lang='lat' dir='ltr'>non</span> <span class='ocrx_word' id='word_1_97' title='bbox 813 2021 1254 2117; x_wconf 89' lang='lat' dir='ltr'>contingent</span> <span class='ocrx_word' id='word_1_98' title='bbox 1282 2044 1359 2095; x_wconf 88' lang='lat' dir='ltr'>se</span> <span class='ocrx_word' id='word_1_99' title='bbox 1393 2035 1679 2111; x_wconf 85' lang='lat' dir='ltr'>mutuo,</span> <span class='ocrx_word' id='word_1_100' title='bbox 1712 2018 1857 2097; x_wconf 84' lang='lat' dir='ltr'>nisi</span> <span class='ocrx_word' id='word_1_101' title='bbox 1885 2020 1963 2097; x_wconf 93' lang='lat' dir='ltr'>in</span> <span class='ocrx_word' id='word_1_102' title='bbox 1983 2042 2134 2096; x_wconf 89' lang='lat' dir='ltr'>uno</span> <span class='ocrx_word' id='word_1_103' title='bbox 2157 2031 2447 2095; x_wconf 86' lang='lat' dir='ltr'>tantum</span> 
     </span>
     <span class='ocr_line' id='line_1_15' title="bbox 363 2126 2452 2232; baseline -0.001 -24"><span class='ocrx_word' id='word_1_104' title='bbox 363 2148 698 2231; x_wconf 86' lang='lat' dir='ltr'>puncto;</span> <span class='ocrx_word' id='word_1_105' title='bbox 770 2134 848 2207; x_wconf 92' lang='lat' dir='ltr'>id</span> <span class='ocrx_word' id='word_1_106' title='bbox 918 2136 1119 2232; x_wconf 90' lang='lat' dir='ltr'>quod</span> <span class='ocrx_word' id='word_1_107' title='bbox 1187 2160 1278 2209; x_wconf 83' lang='lat' dir='ltr'>ex</span> <span class='ocrx_word' id='word_1_108' title='bbox 1347 2161 1435 2211; x_wconf 98' lang='lat' dir='ltr'>eo</span> <span class='ocrx_word' id='word_1_109' title='bbox 1504 2137 1981 2211; x_wconf 87' lang='lat' dir='ltr'>manifestum</span> <span class='ocrx_word' id='word_1_110' title='bbox 2042 2146 2179 2226; x_wconf 88' lang='lat' dir='ltr'>est,</span> <span class='ocrx_word' id='word_1_111' title='bbox 2251 2126 2452 2231; x_wconf 90' lang='lat' dir='ltr'>quod</span> 
     </span>
     <span class='ocr_line' id='line_1_16' title="bbox 369 2247 2449 2347; baseline -0 -26"><span class='ocrx_word' id='word_1_112' title='bbox 369 2247 723 2322; x_wconf 85' lang='lat' dir='ltr'>continue</span> <span class='ocrx_word' id='word_1_113' title='bbox 760 2271 987 2322; x_wconf 85' lang='lat' dir='ltr'>curva</span> <span class='ocrx_word' id='word_1_114' title='bbox 1032 2271 1201 2322; x_wconf 89' lang='lat' dir='ltr'>cum</span> <span class='ocrx_word' id='word_1_115' title='bbox 1248 2261 1457 2323; x_wconf 87' lang='lat' dir='ltr'>recta</span> <span class='ocrx_word' id='word_1_116' title='bbox 1505 2270 1915 2347; x_wconf 84' lang='lat' dir='ltr'>congruere</span> <span class='ocrx_word' id='word_1_117' title='bbox 1963 2270 2116 2323; x_wconf 88' lang='lat' dir='ltr'>non</span> <span class='ocrx_word' id='word_1_118' title='bbox 2149 2260 2449 2346; x_wconf 89' lang='lat' dir='ltr'>potest;</span> 
     </span>
     <span class='ocr_line' id='line_1_17' title="bbox 370 2358 2448 2459; baseline -0.001 -24"><span class='ocrx_word' id='word_1_119' title='bbox 370 2388 540 2436; x_wconf 84' lang='lat' dir='ltr'>nam</span> <span class='ocrx_word' id='word_1_120' title='bbox 579 2362 640 2435; x_wconf 90' lang='lat' dir='ltr'>si</span> <span class='ocrx_word' id='word_1_121' title='bbox 675 2375 950 2459; x_wconf 86' lang='lat' dir='ltr'>posset,</span> <span class='ocrx_word' id='word_1_122' title='bbox 988 2363 1245 2436; x_wconf 88' lang='lat' dir='ltr'>eadem</span> <span class='ocrx_word' id='word_1_123' title='bbox 1273 2358 1471 2437; x_wconf 88' lang='lat' dir='ltr'>linea</span> <span class='ocrx_word' id='word_1_124' title='bbox 1501 2374 1579 2436; x_wconf 88' lang='lat' dir='ltr'>et</span> <span class='ocrx_word' id='word_1_125' title='bbox 1614 2375 1822 2436; x_wconf 89' lang='lat' dir='ltr'>recta</span> <span class='ocrx_word' id='word_1_126' title='bbox 1856 2373 2054 2436; x_wconf 85' lang='lat' dir='ltr'>esset</span> <span class='ocrx_word' id='word_1_127' title='bbox 2088 2373 2165 2435; x_wconf 91' lang='lat' dir='ltr'>et</span> <span class='ocrx_word' id='word_1_128' title='bbox 2200 2380 2448 2435; x_wconf 84' lang='lat' dir='ltr'>curva.</span> 
     </span>
     <span class='ocr_line' id='line_1_18' title="bbox 371 2470 2452 2574; baseline -0.001 -25"><span class='ocrx_word' id='word_1_129' title='bbox 371 2477 743 2550; x_wconf 84' lang='lat' dir='ltr'>Praeterea</span> <span class='ocrx_word' id='word_1_130' title='bbox 775 2488 984 2550; x_wconf 88' lang='lat' dir='ltr'>reeta</span> <span class='ocrx_word' id='word_1_131' title='bbox 1018 2500 1183 2574; x_wconf 86' lang='lat' dir='ltr'>quae</span> <span class='ocrx_word' id='word_1_132' title='bbox 1207 2500 1506 2551; x_wconf 85' lang='lat' dir='ltr'>curvam</span> <span class='ocrx_word' id='word_1_133' title='bbox 1544 2472 1936 2574; x_wconf 88' lang='lat' dir='ltr'>contingit,</span> <span class='ocrx_word' id='word_1_134' title='bbox 1982 2470 2044 2549; x_wconf 90' lang='lat' dir='ltr'>si</span> <span class='ocrx_word' id='word_1_135' title='bbox 2080 2472 2452 2549; x_wconf 88' lang='lat' dir='ltr'>tantillum</span> 
     </span>
     <span class='ocr_line' id='line_1_19' title="bbox 374 2591 2454 2690; baseline -0.001 -24"><span class='ocrx_word' id='word_1_136' title='bbox 374 2617 597 2690; x_wconf 88' lang='lat' dir='ltr'>super</span> <span class='ocrx_word' id='word_1_137' title='bbox 662 2603 944 2689; x_wconf 91' lang='lat' dir='ltr'>puncto</span> <span class='ocrx_word' id='word_1_138' title='bbox 1017 2603 1406 2666; x_wconf 89' lang='lat' dir='ltr'>contactus</span> <span class='ocrx_word' id='word_1_139' title='bbox 1486 2591 2075 2680; x_wconf 82' lang='lat' dir='ltr'>circumferatur,</span> <span class='ocrx_word' id='word_1_140' title='bbox 2154 2610 2454 2663; x_wconf 86' lang='lat' dir='ltr'>curvam</span> 
     </span>
     <span class='ocr_line' id='line_1_20' title="bbox 376 2701 2458 2802; baseline -0.002 -23"><span class='ocrx_word' id='word_1_141' title='bbox 376 2706 702 2790; x_wconf 87' lang='lat' dir='ltr'>secabit;</span> <span class='ocrx_word' id='word_1_142' title='bbox 749 2729 923 2778; x_wconf 85' lang='lat' dir='ltr'>nam</span> <span class='ocrx_word' id='word_1_143' title='bbox 957 2705 1035 2779; x_wconf 90' lang='lat' dir='ltr'>in</span> <span class='ocrx_word' id='word_1_144' title='bbox 1069 2729 1219 2780; x_wconf 91' lang='lat' dir='ltr'>uno</span> <span class='ocrx_word' id='word_1_145' title='bbox 1256 2717 1553 2780; x_wconf 87' lang='lat' dir='ltr'>tantum</span> <span class='ocrx_word' id='word_1_146' title='bbox 1585 2717 1868 2802; x_wconf 89' lang='lat' dir='ltr'>puncto</span> <span class='ocrx_word' id='word_1_147' title='bbox 1906 2701 2370 2801; x_wconf 87' lang='lat' dir='ltr'>contingens,</span> <span class='ocrx_word' id='word_1_148' title='bbox 2395 2702 2458 2776; x_wconf 84' lang='lat' dir='ltr'>si</span> 
     </span>
     <span class='ocr_line' id='line_1_21' title="bbox 378 2819 2457 2919; baseline -0.001 -25"><span class='ocrx_word' id='word_1_149' title='bbox 378 2821 687 2894; x_wconf 88' lang='lat' dir='ltr'>inclinet</span> <span class='ocrx_word' id='word_1_150' title='bbox 747 2820 843 2893; x_wconf 92' lang='lat' dir='ltr'>ad</span> <span class='ocrx_word' id='word_1_151' title='bbox 893 2821 1253 2894; x_wconf 87' lang='lat' dir='ltr'>utramvis</span> <span class='ocrx_word' id='word_1_152' title='bbox 1313 2834 1628 2919; x_wconf 86' lang='lat' dir='ltr'>partem,</span> <span class='ocrx_word' id='word_1_153' title='bbox 1689 2819 1855 2919; x_wconf 85' lang='lat' dir='ltr'>plus</span> <span class='ocrx_word' id='word_1_154' title='bbox 1909 2839 2128 2916; x_wconf 84' lang='lat' dir='ltr'>quam</span> <span class='ocrx_word' id='word_1_155' title='bbox 2174 2828 2457 2916; x_wconf 83' lang='lat' dir='ltr'>tanget,</span> 
     </span>
     <span class='ocr_line' id='line_1_22' title="bbox 376 2934 2458 3031; baseline -0.002 -22"><span class='ocrx_word' id='word_1_156' title='bbox 376 2936 520 3009; x_wconf 90' lang='lat' dir='ltr'>hoc</span> <span class='ocrx_word' id='word_1_157' title='bbox 556 2947 695 3024; x_wconf 87' lang='lat' dir='ltr'>est,</span> <span class='ocrx_word' id='word_1_158' title='bbox 734 2947 1097 3030; x_wconf 87' lang='lat' dir='ltr'>congruet</span> <span class='ocrx_word' id='word_1_159' title='bbox 1129 2936 1250 3009; x_wconf 86' lang='lat' dir='ltr'>vel</span> <span class='ocrx_word' id='word_1_160' title='bbox 1284 2934 1567 3010; x_wconf 85' lang='lat' dir='ltr'>secabit</span> <span class='ocrx_word' id='word_1_161' title='bbox 1597 2966 1615 3019; x_wconf 91' lang='lat'>;</span> <span class='ocrx_word' id='word_1_162' title='bbox 1665 2947 1745 3009; x_wconf 87' lang='lat' dir='ltr'>at</span> <span class='ocrx_word' id='word_1_163' title='bbox 1777 2934 1982 3031; x_wconf 86' lang='lat' dir='ltr'>prius</span> <span class='ocrx_word' id='word_1_164' title='bbox 2007 2958 2158 3009; x_wconf 89' lang='lat' dir='ltr'>non</span> <span class='ocrx_word' id='word_1_165' title='bbox 2186 2943 2458 3030; x_wconf 85' lang='lat' dir='ltr'>potest,</span> 
     </span>
     <span class='ocr_line' id='line_1_23' title="bbox 382 3047 902 3146; baseline 0 -23"><span class='ocrx_word' id='word_1_166' title='bbox 382 3074 561 3146; x_wconf 86' lang='lat' dir='ltr'>ergo</span> <span class='ocrx_word' id='word_1_167' title='bbox 599 3047 902 3123; x_wconf 83' lang='lat' dir='ltr'>secabit.</span> 
     </span>
    </p>
   </div>
   <div class='ocr_carea' id='block_1_6' title="bbox 385 3159 2757 4398">
    <p class='ocr_par' dir='ltr' id='par_1_6' title="bbox 385 3159 2757 3942">
     <span class='ocr_line' id='line_1_24' title="bbox 481 3159 2675 3262; baseline 0.002 -26"><span class='ocrx_word' id='word_1_168' title='bbox 481 3167 550 3247; x_wconf 92' lang='lat'>7.</span> <span class='ocrx_word' id='word_1_169' title='bbox 606 3162 958 3262; x_wconf 75' lang='lat' dir='ltr'>Angulus</span> <span class='ocrx_word' id='word_1_170' title='bbox 1025 3161 1577 3261; x_wconf 85' lang='lat' dir='ltr'>generalissime</span> <span class='ocrx_word' id='word_1_171' title='bbox 1647 3162 1889 3236; x_wconf 88' lang='lat' dir='ltr'>dictus</span> <span class='ocrx_word' id='word_1_172' title='bbox 1960 3168 2097 3252; x_wconf 84' lang='lat' dir='ltr'>est,</span> <span class='ocrx_word' id='word_1_173' title='bbox 2165 3159 2463 3258; x_wconf 82' lang='lat' dir='ltr'>quando</span> <span class='ocrx_word' id='word_1_174' title='bbox 2490 3177 2675 3255; x_wconf 66' lang='lat' dir='ltr'>Angqli</span> 
     </span>
     <span class='ocr_line' id='line_1_25' title="bbox 385 3244 2757 3376; baseline -0.002 -26"><span class='ocrx_word' id='word_1_175' title='bbox 385 3277 550 3350; x_wconf 78' lang='lat' dir='ltr'>duoe</span> <span class='ocrx_word' id='word_1_176' title='bbox 579 3277 821 3367; x_wconf 83' lang='lat' dir='ltr'>lineoe,</span> <span class='ocrx_word' id='word_1_177' title='bbox 845 3276 965 3350; x_wconf 83' lang='lat' dir='ltr'>vel</span> <span class='ocrx_word' id='word_1_178' title='bbox 968 3277 1243 3375; x_wconf 69' lang='lat' dir='ltr'>plures</span> <span class='ocrx_word' id='word_1_179' title='bbox 1276 3273 1718 3376; x_wconf 63' lang='lat' dir='ltr'>superficies</span> <span class='ocrx_word' id='word_1_180' title='bbox 1749 3275 1825 3349; x_wconf 81' lang='lat' dir='ltr'>in</span> <span class='ocrx_word' id='word_1_181' title='bbox 1844 3295 1983 3350; x_wconf 76' lang='lat' dir='ltr'>uno</span> <span class='ocrx_word' id='word_1_182' title='bbox 2012 3271 2170 3348; x_wconf 74' lang='lat' dir='ltr'>solo</span> <span class='ocrx_word' id='word_1_183' title='bbox 2178 3284 2464 3372; x_wconf 79' lang='lat' dir='ltr'>puncto</span> <span class='ocrx_word' id='word_1_184' title='bbox 2490 3244 2550 3358; x_wconf 54' lang='grc' dir='ltr'>ἐξ</span> <span class='ocrx_word' id='word_1_185' title='bbox 2553 3245 2757 3372; x_wconf 41' lang='grc' dir='ltr'>ξζζὲςζι</span> 
     </span>
     <span class='ocr_line' id='line_1_26' title="bbox 387 3387 2463 3489; baseline -0.001 -25"><span class='ocrx_word' id='word_1_186' title='bbox 387 3402 938 3480; x_wconf 58' lang='lat' dir='ltr'>concurrentem,</span> <span class='ocrx_word' id='word_1_187' title='bbox 976 3399 1261 3463; x_wconf 81' lang='lat' dir='ltr'>ecetera</span> <span class='ocrx_word' id='word_1_188' title='bbox 1299 3390 1780 3489; x_wconf 67' lang='lat' dir='ltr'>divergente-s·</span> <span class='ocrx_word' id='word_1_189' title='bbox 1815 3397 2009 3479; x_wconf 65' lang='lat' dir='ltr'>sunt,</span> <span class='ocrx_word' id='word_1_190' title='bbox 2066 3387 2463 3487; x_wconf 80' lang='lat' dir='ltr'>divergen-</span> 
     </span>
     <span class='ocr_line' id='line_1_27' title="bbox 390 3500 2464 3602; baseline -0.001 -26"><span class='ocrx_word' id='word_1_191' title='bbox 390 3503 517 3577; x_wconf 66' lang='grc' dir='ltr'>τίω</span> <span class='ocrx_word' id='word_1_192' title='bbox 547 3503 758 3576; x_wconf 75' lang='lat' dir='ltr'>illius</span> <span class='ocrx_word' id='word_1_193' title='bbox 785 3503 1200 3602; x_wconf 70' lang='lat' dir='ltr'>quantitas.</span> <span class='ocrx_word' id='word_1_194' title='bbox 1275 3501 1574 3601; x_wconf 87' lang='lat' dir='ltr'>Species</span> <span class='ocrx_word' id='word_1_195' title='bbox 1598 3510 1848 3577; x_wconf 87' lang='lat' dir='ltr'>autem</span> <span class='ocrx_word' id='word_1_196' title='bbox 1870 3500 2121 3599; x_wconf 87' lang='lat' dir='ltr'>anguli</span> <span class='ocrx_word' id='word_1_197' title='bbox 2143 3501 2464 3599; x_wconf 90' lang='lat' dir='ltr'>primum</span> 
     </span>
     <span class='ocr_line' id='line_1_28' title="bbox 391 3608 2463 3704; baseline -0 -15"><span class='ocrx_word' id='word_1_198' title='bbox 391 3615 555 3690; x_wconf 86' lang='lat' dir='ltr'>duae</span> <span class='ocrx_word' id='word_1_199' title='bbox 591 3629 808 3689; x_wconf 87' lang='lat' dir='ltr'>sunt:</span> <span class='ocrx_word' id='word_1_200' title='bbox 866 3611 984 3690; x_wconf 86' lang='lat' dir='ltr'>vel</span> <span class='ocrx_word' id='word_1_201' title='bbox 1041 3614 1238 3689; x_wconf 89' lang='lat' dir='ltr'>enim</span> <span class='ocrx_word' id='word_1_202' title='bbox 1300 3641 1346 3690; x_wconf 91' lang='lat' dir='ltr'>a</span> <span class='ocrx_word' id='word_1_203' title='bbox 1407 3610 2019 3689; x_wconf 86' lang='lat' dir='ltr'>concurrentibus</span> <span class='ocrx_word' id='word_1_204' title='bbox 2080 3615 2167 3689; x_wconf 87' lang='lat' dir='ltr'>fit</span> <span class='ocrx_word' id='word_1_205' title='bbox 2225 3608 2463 3704; x_wconf 83' lang='lat' dir='ltr'>lineiS,</span> 
     </span>
     <span class='ocr_line' id='line_1_29' title="bbox 389 3727 2469 3830; baseline -0 -27"><span class='ocrx_word' id='word_1_206' title='bbox 389 3743 571 3803; x_wconf 90' lang='lat' dir='ltr'>tunc</span> <span class='ocrx_word' id='word_1_207' title='bbox 607 3727 931 3830; x_wconf 73' lang='lat' dir='ltr'>angulus</span> <span class='ocrx_word' id='word_1_208' title='bbox 994 3728 1505 3828; x_wconf 63' lang='lat' dir='ltr'>superficiali-s·</span> <span class='ocrx_word' id='word_1_209' title='bbox 1541 3742 1679 3820; x_wconf 87' lang='lat' dir='ltr'>est,</span> <span class='ocrx_word' id='word_1_210' title='bbox 1732 3728 1849 3804; x_wconf 89' lang='lat' dir='ltr'>vel</span> <span class='ocrx_word' id='word_1_211' title='bbox 1895 3751 1986 3802; x_wconf 85' lang='lat' dir='ltr'>ex</span> <span class='ocrx_word' id='word_1_212' title='bbox 2022 3751 2469 3803; x_wconf 90' lang='lat' dir='ltr'>concurren-</span> 
     </span>
     <span class='ocr_line' id='line_1_30' title="bbox 392 3837 2373 3942; baseline -0.001 -25"><span class='ocrx_word' id='word_1_213' title='bbox 392 3846 591 3917; x_wconf 89' lang='lat' dir='ltr'>tibus</span> <span class='ocrx_word' id='word_1_214' title='bbox 627 3844 1179 3941; x_wconf 84' lang='lat' dir='ltr'>superficiebus,</span> <span class='ocrx_word' id='word_1_215' title='bbox 1217 3843 1344 3942; x_wconf 90' lang='lat' dir='ltr'>qui</span> <span class='ocrx_word' id='word_1_216' title='bbox 1376 3855 1689 3918; x_wconf 87' lang='lat' dir='ltr'>vocatur</span> <span class='ocrx_word' id='word_1_217' title='bbox 1723 3842 2036 3941; x_wconf 84' lang='lat' dir='ltr'>angulus</span> <span class='ocrx_word' id='word_1_218' title='bbox 2072 3837 2373 3918; x_wconf 81' lang='lat' dir='ltr'>solidus.</span> 
     </span>
    </p>

    <p class='ocr_par' dir='ltr' id='par_1_7' title="bbox 393 3953 2477 4398">
     <span class='ocr_line' id='line_1_31' title="bbox 492 3953 2469 4055; baseline 0.001 -25"><span class='ocrx_word' id='word_1_219' title='bbox 492 3957 778 4031; x_wconf 83' lang='lat' dir='ltr'>Rursus</span> <span class='ocrx_word' id='word_1_220' title='bbox 842 3956 1415 4055; x_wconf 90' lang='lat' dir='ltr'>superficialium</span> <span class='ocrx_word' id='word_1_221' title='bbox 1476 3957 1917 4055; x_wconf 87' lang='lat' dir='ltr'>angulorum</span> <span class='ocrx_word' id='word_1_222' title='bbox 1982 3977 2119 4055; x_wconf 87' lang='lat' dir='ltr'>pro</span> <span class='ocrx_word' id='word_1_223' title='bbox 2183 3953 2469 4033; x_wconf 88' lang='lat' dir='ltr'>duobus</span> 
     </span>
     <span class='ocr_line' id='line_1_32' title="bbox 394 4065 2476 4170; baseline 0 -25"><span class='ocrx_word' id='word_1_224' title='bbox 394 4068 656 4162; x_wconf 89' lang='lat' dir='ltr'>modis,</span> <span class='ocrx_word' id='word_1_225' title='bbox 715 4067 980 4169; x_wconf 84' lang='lat' dir='ltr'>quibus</span> <span class='ocrx_word' id='word_1_226' title='bbox 1035 4069 1499 4170; x_wconf 85' lang='lat' dir='ltr'>divergentia</span> <span class='ocrx_word' id='word_1_227' title='bbox 1552 4072 1862 4148; x_wconf 88' lang='lat' dir='ltr'>duarum</span> <span class='ocrx_word' id='word_1_228' title='bbox 1917 4065 2280 4146; x_wconf 87' lang='lat' dir='ltr'>linearum</span> <span class='ocrx_word' id='word_1_229' title='bbox 2312 4073 2476 4146; x_wconf 90' lang='lat' dir='ltr'>fieri</span> 
     </span>
     <span class='ocr_line' id='line_1_33' title="bbox 393 4183 2476 4284; baseline 0.001 -25"><span class='ocrx_word' id='word_1_230' title='bbox 393 4198 668 4283; x_wconf 87' lang='lat' dir='ltr'>potest,</span> <span class='ocrx_word' id='word_1_231' title='bbox 735 4185 900 4260; x_wconf 87' lang='lat' dir='ltr'>duae</span> <span class='ocrx_word' id='word_1_232' title='bbox 963 4198 1138 4260; x_wconf 89' lang='lat' dir='ltr'>sunt</span> <span class='ocrx_word' id='word_1_233' title='bbox 1206 4187 1510 4284; x_wconf 88' lang='lat' dir='ltr'>species.</span> <span class='ocrx_word' id='word_1_234' title='bbox 1616 4186 1810 4260; x_wconf 87' lang='lat' dir='ltr'>Nam</span> <span class='ocrx_word' id='word_1_235' title='bbox 1880 4183 2267 4284; x_wconf 85' lang='lat' dir='ltr'>applicatis</span> <span class='ocrx_word' id='word_1_236' title='bbox 2334 4186 2476 4261; x_wconf 90' lang='lat' dir='ltr'>sibi</span> 
     </span>
     <span class='ocr_line' id='line_1_34' title="bbox 395 4298 2477 4398; baseline 0 -25"><span class='ocrx_word' id='word_1_237' title='bbox 395 4313 657 4375; x_wconf 91' lang='lat' dir='ltr'>mutuo</span> <span class='ocrx_word' id='word_1_238' title='bbox 711 4298 995 4374; x_wconf 86' lang='lat' dir='ltr'>duabus</span> <span class='ocrx_word' id='word_1_239' title='bbox 1045 4300 1269 4375; x_wconf 87' lang='lat' dir='ltr'>rectis</span> <span class='ocrx_word' id='word_1_240' title='bbox 1328 4313 1416 4375; x_wconf 87' lang='lat' dir='ltr'>ut</span> <span class='ocrx_word' id='word_1_241' title='bbox 1474 4321 1610 4398; x_wconf 90' lang='lat' dir='ltr'>per</span> <span class='ocrx_word' id='word_1_242' title='bbox 1654 4312 1891 4374; x_wconf 89' lang='lat' dir='ltr'>totam</span> <span class='ocrx_word' id='word_1_243' title='bbox 1934 4298 2477 4397; x_wconf 85' lang='lat' dir='ltr'>longitudinem</span> 
     </span>
    </p>
   </div>
   <div class='ocr_carea' id='block_1_7' title="bbox 402 4413 2477 4513">
    <p class='ocr_par' dir='ltr' id='par_1_8' title="bbox 402 4413 2477 4513">
     <span class='ocr_line' id='line_1_35' title="bbox 402 4413 2477 4513; baseline 0 -25"><span class='ocrx_word' id='word_1_244' title='bbox 402 4415 774 4512; x_wconf 85' lang='lat' dir='ltr'>contiguae</span> <span class='ocrx_word' id='word_1_245' title='bbox 834 4413 1008 4505; x_wconf 85' lang='lat' dir='ltr'>sint,</span> <span class='ocrx_word' id='word_1_246' title='bbox 1062 4427 1315 4513; x_wconf 83' lang='lat' dir='ltr'>potest</span> <span class='ocrx_word' id='word_1_247' title='bbox 1359 4436 1511 4490; x_wconf 89' lang='lat' dir='ltr'>una</span> <span class='ocrx_word' id='word_1_248' title='bbox 1565 4414 1657 4489; x_wconf 89' lang='lat' dir='ltr'>ab</span> <span class='ocrx_word' id='word_1_249' title='bbox 1713 4413 1879 4507; x_wconf 86' lang='lat' dir='ltr'>alia,</span> <span class='ocrx_word' id='word_1_250' title='bbox 1916 4426 2264 4490; x_wconf 86' lang='lat' dir='ltr'>manente</span> <span class='ocrx_word' id='word_1_251' title='bbox 2301 4433 2477 4490; x_wconf 88' lang='lat' dir='ltr'>con-</span> 
     </span>
    </p>
   </div>
  </div>
 </body>
</html>
