3182 5102
1101 469 1208 520 ΒΕ
1248 467 1680 519 Mna-nono.
2332 446 2425 523 79

333 636 552 710 maris
623 635 838 730 quasi
907 635 1366 729 flagellatum
1427 655 1504 705 se
1568 644 2023 706 convertere.
2148 631 2423 710 Demus

329 750 551 823 etiam
602 748 770 836 hoc,
825 748 1229 820 concludet
1291 771 1468 842 ergo
1504 745 1921 819 necessario
1956 758 2233 818 terram
2266 770 2424 819 mo-

330 864 511 936 veri.
615 862 1155 958 Paralogismus
1193 874 1450 934 tamen
1488 872 1646 944 est;
1699 885 1873 933 nam
1909 860 1972 932 si
2005 872 2270 933 ventus
2300 860 2421 933 ine

333 1001 555 1050 causa
585 976 728 1048 fuit
763 1000 989 1071 quare
1028 988 1230 1048 terra
1263 975 1356 1047 ab
1391 974 1607 1047 initio
1645 974 2293 1070 circumageretur,
2347 986 2422 1046 et

333 1103 582 1162 motus
615 1090 734 1161 vel
770 1089 968 1180 soliS,
1020 1089 1138 1162 vel
1173 1101 1393 1161 terrae
1428 1088 1655 1160 fuerit
1692 1113 1913 1161 causa
1958 1088 2154 1160 illius
2188 1088 2417 1177 venti,

337 1216 501 1276 erat
535 1215 783 1275 motus
817 1203 934 1275 vel
971 1203 1144 1275 solis
1183 1203 1298 1276 vel
1335 1214 1555 1274 terrae
1591 1215 1765 1274 ante
1801 1203 2040 1299 ipsum
2074 1214 2420 1284 ventum3

337 1319 400 1391 si
434 1329 607 1390 ante
641 1330 948 1390 ventum
975 1329 1237 1390 natum
1267 1329 1467 1389 terra
1486 1329 1692 1389 mota
1721 1328 1938 1406 esset,
1968 1329 2130 1389 tum
2154 1326 2421 1388 ventus

338 1432 460 1504 ille
494 1430 976 1503 revolutionis
1028 1442 1245 1502 terrae
1294 1454 1516 1502 causa
1561 1454 1720 1502 esse
1772 1454 1924 1502 non
1976 1429 2263 1526 potuit;
2310 1428 2426 1500 sin

340 1557 587 1617 stante
626 1556 847 1632 terra,
884 1555 1130 1617 motus
1168 1556 1329 1616 erat
1364 1544 1496 1633 sol,
1536 1543 2011 1616 manifestum
2047 1554 2161 1614 est
2195 1554 2424 1614 vento

339 1658 467 1731 illo
505 1658 870 1730 existente
908 1668 1180 1730 terram
1214 1657 1543 1753 potuisse
1577 1681 1732 1728 non
1766 1656 2088 1739 moveri;
2126 1679 2277 1727 non
2315 1666 2428 1726 est

348 1795 527 1866 ergo
564 1783 810 1843 motus
845 1770 1039 1843 illius
1077 1795 1299 1843 causa
1347 1770 1474 1842 illa
1510 1795 1729 1865 quam
1763 1769 2173 1865 proposuit.
2281 1767 2430 1840 Sed

346 1884 567 1980 hujus
601 1883 894 1978 generis
946 1883 1027 1955 in
1078 1883 1561 1979 scriptoribus
1600 1883 1921 1979 physicis
1956 1880 2430 1979 paralogismi

340 1996 616 2093 passim
678 2009 1080 2069 occurrunt
1140 1996 1510 2092 permulti,
1563 2021 2009 2092 quamquam
2067 1996 2211 2068 hoc
2265 1996 2427 2090 ipso

342 2132 563 2204 quem
598 2108 871 2180 adduxi
922 2108 1001 2180 in
1053 2109 1468 2204 exemplum
1503 2109 1949 2183 elaboratior
1986 2133 2145 2182 esse
2185 2108 2429 2182 nullus

342 2232 620 2318 potest.

2494 637 2668 685 PARS
2705 636 2745 685 1.

455 2343 567 2407 19.
621 2332 874 2405 Videri
926 2333 1148 2406 alicui
1181 2347 1431 2431 potest
1482 2336 1579 2408 ad
1629 2336 1832 2408 hunc
1866 2337 2114 2410 locum
2150 2337 2241 2409 de
2276 2360 2429 2409 me-
2455 2338 2707 2403 Analytica

2454 2413 2805 2468 geometrarum

343 2447 579 2520 thodo
638 2446 1010 2542 pertinere
1062 2459 1300 2519 artem
1351 2447 1553 2521 illam
1609 2462 2156 2545 geometrarum
2208 2475 2429 2546 quam
2455 2486 2600 2533 quare
2621 2470 2713 2518 hoc

2455 2536 2560 2585 loco
2582 2535 2770 2584 tractari

343 2571 620 2635 vocant
653 2559 1094 2655 logisticam,
1131 2561 1209 2633 id
1243 2573 1381 2652 est,
1416 2586 1550 2658 per
1585 2587 1806 2657 quam
1842 2588 1887 2635 a
1924 2564 2429 2660 suppositione
2456 2617 2554 2650 „012
2575 2608 2748 2664 poten,

347 2673 641 2770 quaesiti
678 2685 1031 2768 tanquam
1064 2674 1243 2764 veri,
1275 2674 1791 2749 ratiocinando
1829 2676 2167 2749 incidunt
2202 2678 2319 2749 vel
2354 2679 2431 2751 in

348 2788 655 2883 cognita
710 2810 798 2858 ex
860 2786 1126 2883 quibus
1170 2787 1461 2884 quaesiti
1497 2790 1889 2862 veritatem
1924 2791 2431 2864 demonstrare

347 2913 687 2998 possunt,
756 2899 874 2972 vel
943 2899 1020 2972 in
1087 2899 1571 2996 impossibilia
1640 2926 1732 2975 ex
1793 2902 2057 2999 quibus
2120 2903 2432 3000 intelligi

348 3026 602 3111 potest
634 3012 714 3084 id
748 3013 949 3107 quod
982 3013 1423 3109 supponitur
1459 3038 1618 3086 esse
1647 3014 1934 3088 falsum.
2037 3016 2312 3088 Verum
2347 3042 2436 3090 ea

348 3152 473 3201 ars
507 3127 650 3200 hoc
683 3126 849 3198 loco
886 3126 1237 3222 explicari
1274 3151 1423 3199 non
1452 3138 1726 3222 potest.
1816 3128 2041 3225 Cujus
2076 3130 2185 3201 rei
2215 3154 2436 3205 causa

350 3254 493 3329 est,
531 3240 731 3335 quod
766 3239 1159 3312 methodus
1195 3239 1321 3311 illa
1352 3239 1496 3311 nisi
1529 3241 1624 3313 ab
1654 3240 1742 3313 iis
1771 3241 1898 3336 qui
1925 3242 2001 3314 in
2029 3244 2438 3338 geometria

349 3352 629 3426 versati
658 3364 853 3441 sunt,
895 3375 1133 3447 neque
1157 3351 1508 3438 exerceri,
1531 3376 1772 3449 neque
1798 3353 2112 3451 intelligi
2140 3366 2390 3451 potest
2413 3388 2431 3440 ;

351 3467 533 3563 ipsis
568 3476 821 3538 autem
854 3464 1253 3560 geometris
1308 3478 1589 3561 quanto
1646 3466 1955 3563 quisque
2003 3470 2216 3565 plura
2249 3493 2437 3566 prae-

352 3579 828 3673 sentioraque
878 3578 1104 3650 habet
1156 3578 1643 3667 theoremata,
1695 3590 1907 3652 tanto
1943 3582 2178 3678 magis
2212 3582 2436 3679 logis-

351 3695 505 3767 tica
555 3691 669 3763 uti
720 3701 990 3786 potest,
1031 3690 1217 3763 adeo
1252 3703 1339 3763 ut
1373 3692 1466 3764 ab
1501 3692 1666 3787 ipsa
1695 3696 2106 3788 geometria
2138 3697 2436 3770 realiter

354 3806 712 3880 distincta
760 3829 912 3877 non
961 3804 1100 3888 sit3
1155 3804 1382 3878 habet
1437 3805 1628 3878 enim
1690 3830 1779 3878 ea
1831 3808 2223 3883 methodus
2284 3824 2436 3885 tres

355 3933 629 4016 partes„
656 3941 965 4014 quarum
986 3918 1226 4014 prima
1251 3931 1365 3991 est
1392 3919 1588 3992 inter
1623 3919 2006 4016 incognita
2034 3937 2110 3996 et
2138 3925 2438 4019 cognita

356 4031 688 4107 inventio
758 4030 1222 4126 aequalitatis,
1285 4057 1505 4128 quam
1565 4046 1838 4106 vocant
1900 4037 2431 4132 aequationem;

357 4145 679 4243 aequatio
729 4156 977 4216 autem
1027 4144 1152 4217 illa
1186 4146 1499 4219 inveniri
1549 4170 1704 4219 non
1754 4160 2005 4243 potest
2038 4150 2181 4223 nisi
2216 4152 2308 4224 ab
2345 4152 2435 4225 iis

360 4260 483 4355 qui
515 4258 1021 4356 proportionis
1056 4272 1398 4333 naturam
1429 4261 1922 4357 proprietates
1975 4276 2051 4336 et
2101 4277 2437 4361 transpo-
