3182 5102
367 657 541 705 PARS
577 656 620 706 Ι.

465 723 510 770 8.

715 435 811 500 30
1185 449 1718 500 coMPUTATlo
1762 450 1950 500 srva
1992 448 2317 500 LofflcA.

712 626 871 698 sine
924 625 1040 698 his
1089 627 1542 715 ratiocinari,
1595 626 1672 698 id
1720 638 1856 716 est,
1909 638 2339 723 computare
2393 650 2793 723 corporum

709 739 1200 835 proprietates
1226 740 1659 836 plerumque
1694 764 1844 813 non
1880 765 2267 836 possumus
2299 771 2317 823 ;
2389 765 2558 814 cum
2596 742 2794 815 enim

712 853 1057 941 colorem,
1079 852 1345 942 lucem,
1366 853 1863 943 velocitatem,
1887 853 2402 950 multiplicare,
2436 853 2790 945 dividere,

710 966 1004 1054 addere,
1065 965 1182 1039 vel
1235 967 1560 1039 adimere
1618 967 2018 1050 vellemus;
2099 967 2163 1039 si
2222 967 2788 1063 duplicaremuS,

706 1079 825 1151 vel
876 1078 1309 1153 adderemus
1362 1105 1452 1153 ea
1501 1104 1636 1177 per
1686 1081 1990 1154 nomina
2041 1093 2411 1169 concreta,
2469 1080 2788 1154 dicendo

714 1190 953 1285 (verbi
970 1192 1244 1288 gratia)
1263 1192 1581 1266 calidum
1606 1193 1848 1281 calidi,
1869 1192 2197 1266 lucidum
2218 1193 2468 1282 lucidi,
2499 1205 2787 1267 motum

707 1304 890 1376 moti
925 1304 1230 1400 duplum
1271 1329 1454 1394 esse,
1490 1329 1644 1378 non
1691 1306 2184 1401 proprietates
2220 1305 2787 1401 duplicaremuS,

706 1416 838 1489 sed
864 1418 1024 1512 ipsa
1050 1441 1365 1514 corpora
1389 1417 1650 1507 calida,
1680 1417 1948 1505 lucida,
1983 1429 2211 1506 mota,
2242 1421 2368 1490 διο.
2402 1419 2600 1513 quod
2634 1443 2787 1492 non

704 1530 1150 1604 volebamus.
1258 1532 1554 1604 Abusus
1602 1542 1850 1604 autem
1903 1531 1983 1603 in
2026 1554 2113 1604 eo
2172 1532 2537 1621 consistit,
2590 1532 2789 1628 quod

707 1668 874 1716 cum
934 1644 1236 1717 videant
1291 1644 1518 1740 aliqui
1576 1644 2029 1718 considerari
2081 1668 2322 1741 posse,
2382 1645 2460 1718 id
2515 1657 2652 1730 est,
2699 1658 2789 1718 ut

707 1757 1023 1830 diximus
1075 1758 1333 1831 inferri
1367 1759 1444 1830 in
1481 1759 1807 1832 rationes
1861 1758 2322 1854 quantitatiS,
2378 1758 2669 1848 caloriS,
2711 1772 2788 1832 et

705 1871 1017 1943 aliorum
1085 1871 1581 1945 accidentium
1649 1872 2109 1944 incrementa
2169 1884 2244 1944 et
2313 1871 2788 1947 decrementa

707 1984 864 2057 sine
934 1985 1525 2057 consideratione
1596 2008 1992 2080 corporum
2060 1985 2213 2057 sive
2283 1986 2785 2081 subjectorum

706 2120 1029 2185 suorum,
1067 2097 1174 2191 (id
1218 2098 1418 2194 quod
1466 2097 1883 2194 appellatur
1912 2096 2359 2169 abstrahere
2395 2098 2548 2171 sive
2584 2122 2785 2172 seor-

708 2211 846 2283 sim
903 2211 996 2283 ab
1051 2210 1195 2283 illis
1253 2211 1601 2305 existere)
1660 2210 2067 2306 loquuntur
2129 2210 2219 2282 de
2277 2211 2784 2283 accidentibus

707 2334 1059 2418 tanquam
1091 2335 1397 2420 possent
1424 2324 1516 2396 ab
1554 2323 1757 2396 omni
1792 2347 2103 2419 corpore
2139 2324 2487 2419 separari.
2584 2324 2787 2396 Hinc

707 2436 904 2508 enim
924 2436 1287 2532 originem
1297 2436 1605 2508 trahunt
1628 2434 2089 2531 quorundam
2112 2436 2785 2532 metaphysicorum

707 2549 934 2622 crassi
969 2573 1255 2622 errores
1285 2581 1303 2634 ;
1357 2575 1529 2622 nam
1565 2573 1658 2622 ex
1692 2573 1779 2623 eo
1818 2549 2019 2645 quod
2045 2548 2499 2623 considerari
2534 2562 2784 2646 potest

706 2663 1061 2760 cogitatio
1118 2664 1275 2736 sine
1321 2663 1914 2737 consideratione
1951 2663 2307 2760 corporis,
2343 2663 2617 2736 inferre
2652 2688 2783 2737 vo-

703 2774 893 2864 lunt,
942 2799 1093 2849 non
1141 2800 1300 2850 esse
1348 2800 1532 2872 opus
1569 2777 1901 2872 corporis
1937 2776 2336 2873 cogitantis
2368 2807 2386 2860 ;
2458 2788 2535 2849 et
2569 2801 2658 2848 ex
2693 2801 2782 2850 eo

707 2889 907 2984 quod
942 2890 1317 2985 quantitas
1343 2890 1797 2963 considerari
1821 2901 2095 2986 potest,
2124 2914 2275 2963 non
2312 2889 2781 2963 considerato

706 3026 1040 3098 corpore,
1118 3002 1433 3075 existere
1486 3002 1711 3075 etiam
1760 3013 2030 3097 putant
2081 3002 2573 3097 quantitatem
2624 3003 2781 3075 sine

706 3139 1040 3211 corpore,
1078 3126 1155 3188 et
1191 3139 1458 3211 corpus
1488 3115 1646 3188 sine
1677 3115 2115 3211 quantitate,
2144 3115 2253 3187 ita
2284 3127 2372 3187 ut
2399 3115 2655 3188 addita
2686 3114 2780 3188 ad

705 3251 972 3324 corpus
1023 3228 1437 3324 quantitate
1473 3240 1632 3301 tum
1668 3228 1961 3300 demum
1995 3229 2128 3300 fiat
2162 3239 2541 3323 quantum.
2663 3228 2780 3300 Ab

705 3341 962 3414 eodem
1017 3341 1226 3414 fonte
1268 3353 1677 3414 nascuntur
1726 3341 1869 3414 illae
1902 3364 2122 3414 voces
2169 3341 2780 3437 insignificanteS,

704 3453 1141 3527 substantia
1182 3452 1613 3540 abstractae,
1660 3453 1988 3525 essentia
2042 3464 2434 3550 separata,
2495 3454 2782 3549 aliaque

706 3565 990 3639 similia.
1095 3567 1342 3639 Etiam
1377 3565 1712 3639 confusio
1764 3565 1891 3638 illa
1939 3590 2208 3638 vocum
2256 3590 2301 3638 a
2360 3567 2587 3639 verbo
2626 3565 2779 3637 Est

706 3679 1225 3768 derivatarum,
1300 3690 1386 3751 ut
1452 3677 1809 3766 essentia,
1868 3676 2411 3765 essentialitas,
2472 3679 2778 3765 entitas,

704 3792 1195 3878 entitativam‚
1246 3801 1322 3863 et
1373 3790 1722 3878 reditas,
1775 3790 2310 3888 aliquidditas,
2357 3791 2776 3889 qnidditas,

705 3928 869 3999 quae
896 3906 1094 4001 apud
1126 3917 1387 4001 gentes
1417 3905 1682 4000 quibus
1719 3904 2091 4000 copulatio
2128 3929 2279 3977 non
2316 3904 2414 3977 sit
2446 3928 2580 4000 per
2612 3929 2778 3978 ver-

701 4018 878 4090 bum
925 4026 1063 4106 est,
1107 4017 1237 4090 sed
1268 4041 1401 4113 per
1435 4017 1662 4090 verba
1705 4016 2074 4112 adjectiva
2104 4029 2191 4089 ut
2225 4016 2495 4105 currit,
2558 4015 2778 4115 legit,

703 4129 837 4222 &a
874 4129 992 4204 vel
1023 4154 1158 4226 per
1190 4154 1467 4203 meram
1510 4131 1893 4204 nominum
1936 4130 2497 4203 collocationem
2532 4130 2772 4203 audiri

699 4267 851 4316 non
902 4245 1342 4340 potuissent,
1393 4244 1656 4340 quibus
1702 4256 1951 4316 tamen
1995 4243 2364 4340 gentibue,
2414 4268 2581 4316 cum
2614 4243 2777 4339 phi-

700 4354 1073 4453 losophari
1108 4367 1194 4429 ut
1238 4368 1525 4429 caeterae
1558 4369 1892 4452 possunt,
1928 4380 2079 4429 non
2128 4367 2299 4428 sunt
2341 4354 2775 4428 necessariae
