3182 5102
907 487 1013 538 ms
1059 485 1321 538 CAUSA
1363 487 1463 538 ET
1501 487 1894 539 EFFEc'rU.
2308 473 2442 538 109

357 650 689 749 integra,
725 651 986 724 eodem
1022 676 1315 748 quoque
1349 652 1695 725 effectum
1745 675 1904 724 esse
1952 650 2443 748 productum;
2509 658 2684 755 PARS
2710 656 2787 705 11·

358 789 530 837 nam
566 765 629 837 si
663 790 814 838 non
849 766 947 838 sit
979 766 1387 862 productus
1437 766 1646 839 deest
1701 765 1946 839 adhuc
2001 765 2301 860 aliquod
2353 765 2448 839 ad
2513 757 2779 830 »ἕν-κ

359 877 924 974 productionem
958 879 1419 974 requisitum,
1474 903 1628 952 non
1679 890 1840 952 erat
1874 902 2080 976 ergo,
2131 890 2218 952 ut
2280 903 2452 975 sup-

361 983 801 1086 ponebatur,
839 1015 1060 1064 causa
1093 992 1407 1089 integra.

403 1117 408 1124 ’
463 1105 559 1177 Et
593 1103 957 1201 siquidem
991 1129 1213 1178 causa
1247 1104 1664 1179 necessaria
1715 1128 1803 1178 ea
1832 1128 1993 1178 esse
2033 1104 2451 1195 definiatur,

365 1242 511 1314 qua
543 1218 927 1314 supposita
961 1219 1267 1292 effectus
1308 1243 1461 1292 non
1513 1229 1766 1315 potest
1821 1242 1974 1292 non
2027 1219 2259 1315 sequi,
2310 1218 2454 1292 hoc

367 1355 660 1427 quoque
728 1331 1142 1428 colligetur,
1231 1333 1655 1428 quicunque
1739 1353 2066 1427 unquam
2147 1332 2457 1405 effectus

367 1444 774 1541 productus
810 1444 930 1533 sit,
979 1445 1428 1541 productum
1478 1468 1643 1517 esse
1678 1469 1725 1518 a
1760 1468 1983 1518 causa
2015 1444 2455 1518 necessaria.

371 1558 567 1631 Nam
600 1557 799 1653 quod
830 1545 1279 1654 productum
1305 1569 1418 1631 est
1447 1582 1533 1631 eo
1564 1557 1750 1655 ipso,
1780 1557 1981 1654 quod
2013 1556 2460 1653 productum

373 1682 509 1759 est,
567 1693 862 1743 cansam
922 1670 1185 1743 habuit
1236 1671 1630 1767 integram,
1690 1670 1835 1743 hoc
1883 1681 2020 1759 est,
2076 1670 2325 1744 omnia
2373 1693 2463 1742 ea

375 1784 640 1880 quibus
674 1783 1075 1879 suppositis
1111 1784 1461 1856 effectum
1495 1806 1648 1856 non
1683 1782 1898 1878 sequi
1942 1782 2261 1878 intelligi
2309 1805 2463 1855 non

373 1896 631 1992 possit,
700 1919 788 1968 ea
853 1918 1030 1968 vero
1099 1919 1324 1969 causa
1411 1895 1832 1967 necessaria
1913 1906 2048 1967 est.
2184 1894 2463 1967 Eadem

374 2009 662 2081 ratione
698 2007 993 2082 ostendi
1026 2019 1281 2105 potest
1317 2008 1739 2104 quicunque
1790 2031 2120 2104 unquam
2156 2009 2462 2081 effectus

375 2122 610 2195 futuri
665 2133 864 2211 sunt,
927 2146 1225 2195 causam
1282 2121 1777 2195 necessariam
1829 2122 2215 2195 habituros
2279 2145 2462 2211 esse,

379 2246 602 2331 atque
634 2235 778 2308 hoc
814 2234 1035 2309 modo
1072 2259 1529 2332 quaecunque
1562 2234 1930 2331 producta
1955 2235 2072 2307 vel
2101 2246 2322 2308 erunt
2347 2235 2467 2309 vel

379 2350 705 2439 fuerunt,
729 2349 1248 2423 necessitatem
1277 2373 1486 2424 suam
1512 2349 1593 2421 in
1614 2349 1833 2422 rebus
1854 2349 2465 2423 antecedentibus

383 2463 749 2536 habuisse.

484 2585 555 2649 6.
608 2577 721 2649 Ex
787 2600 877 2650 eo
939 2588 1189 2650 autem
1245 2576 1446 2673 quod
1507 2600 1656 2673 quo
1710 2576 2039 2649 instante
2100 2601 2323 2650 causa
2380 2578 2469 2650 fit
2494 2578 2889 2696 Jfleeffiffljffieg-

387 2690 702 2785 integra,
739 2688 1000 2762 eodem
1036 2690 1343 2762 effectus
1379 2688 1787 2786 productus
1823 2701 1960 2779 est,
1994 2690 2471 2764 manifestum
2495 2713 2851 2789 tin-uaptem..

391 2803 615 2876 etiam
649 2813 786 2892 est,
842 2802 1348 2877 causationem
1391 2812 1616 2897 atque
1651 2802 2219 2898 productionem
2254 2804 2472 2876 effec-
2495 2778 2795 2897 ἔζῗζξζξζζέ
2838 2787 2890 2820 ¹¹¹

391 2928 603 2988 tuum
636 2915 714 2988 in
749 2915 1108 2988 continua
1141 2914 1461 3011 quadam
1492 2914 2013 3010 progressione
2043 2916 2470 3007 consistere,
2498 2908 2614 2972 ΨΜ
2636 2907 2715 2955 ⁸³²

392 3027 500 3101 ita
532 3039 618 3100 nt
649 3051 786 3124 pro
809 3028 1222 3101 mutatione
1244 3026 1601 3100 continua
1619 3027 1908 3123 agentis
1930 3028 2051 3101 vel
2069 3029 2474 3125 agentium,

397 3165 561 3236 quae
592 3142 681 3214 fit
714 3141 807 3213 ab
842 3140 1004 3214 aliis
1031 3141 1111 3213 in
1137 3141 1298 3237 ipsa
1322 3139 1740 3236 agentibuS,
1770 3140 2122 3214 continuo
2148 3154 2479 3215 mutetur

399 3277 690 3350 quoque
715 3255 1006 3351 patiens
1035 3253 1113 3326 in
1143 3252 1344 3350 quod
1369 3253 1531 3349 ipsa
1556 3265 1792 3350 agunt
1816 3285 1835 3337 ;
1890 3255 2204 3351 exempli
2234 3278 2478 3344 causa,

397 3368 633 3464 magis
654 3368 1035 3464 magisque
1047 3368 1461 3441 calescente
1471 3366 1669 3463 igne,
1682 3367 2037 3441 continuo
2052 3379 2477 3465 augmento,

400 3482 706 3554 effectus
727 3504 1020 3577 quoque
1042 3481 1223 3577 ejus,
1244 3503 1513 3577 nempe
1532 3480 2039 3576 proximorum
2060 3505 2476 3578 corporum,

403 3606 480 3668 et
546 3617 800 3667 rursus
866 3595 983 3667 his
1066 3593 1573 3691 proximorum
1657 3594 1860 3667 calor
1948 3595 2248 3693 (magno
2326 3596 2483 3691 jam

405 3719 866 3805 argumentO,
919 3708 1411 3781 mutationem
1462 3707 1540 3780 in
1579 3707 1737 3780 solo
1790 3720 2001 3781 motu
2055 3709 2482 3798 consistere,

407 3819 607 3916 quod
657 3832 906 3893 tamen
964 3820 1145 3894 alias
1200 3843 1458 3893 verum
1513 3843 1673 3892 esse
1728 3820 2193 3915 ostendetur)
2249 3820 2485 3917 magis

406 3932 784 4029 magisque
819 3957 969 4006 una
1003 3932 1293 4007 crescit.
1397 3932 1484 4005 In
1517 3932 1659 4006 hac
1711 3945 1962 4006 autem
2013 3934 2483 4024 causationis,

411 4045 487 4118 id
536 4057 673 4135 est,
727 4046 1041 4119 actionis
1096 4057 1174 4119 et
1231 4044 1595 4142 passionis
1652 4046 2169 4142 progressione
2212 4047 2274 4119 si
2322 4046 2486 4143 quis

411 4171 698 4256 partem
788 4160 1110 4256 aliquam
1202 4158 1734 4255 imaginatione
1819 4160 2484 4256 comprehenderit,

415 4295 718 4369 eamque
753 4273 1089 4348 diviserit
1122 4273 1199 4345 in
1232 4284 1506 4368 parteS,
1561 4271 1801 4368 prima
1844 4297 2041 4369 parS,
2097 4273 2249 4348 sive
2281 4274 2485 4370 prim

420 4385 686 4481 cipium
720 4388 878 4483 ejus
921 4385 1374 4461 considerari
1428 4410 1580 4459 non
1630 4396 1879 4481 potest
1933 4386 2076 4460 nisi
2128 4399 2214 4460 ut
2264 4386 2486 4474 acti0,
