3182 5102
720 427 809 490 54
1197 440 1729 493 courum-Arm
1768 443 1948 494 slvn
1990 442 2315 496 Looch.

377 613 551 727 ΡΔξδ
590 614 630 663 1-
723 608 1057 705 quaedam
1089 609 1409 683 hominis
1456 635 1622 706 quae
1662 611 1934 684 nullius
1967 611 2185 685 unius
2219 609 2538 685 hominis
2573 621 2793 698 esset,

352 714 634 786 *-='—-2
722 722 855 795 sed
885 723 1203 796 hominis
1239 724 1694 819 simpliciter,
1733 724 1933 820 quod
1965 735 2080 798 est
2114 723 2590 820 impossibile,
2622 748 2795 796 nam

715 837 883 910 idea
910 837 1171 925 omnis»,
1208 848 1285 909 et
1334 860 1485 910 una
1528 848 1668 926 est,
1719 849 1797 910 et
1838 838 2057 911 unius
2091 838 2200 910 rei
2231 868 2250 922 ;
2323 835 2795 932 decipiuntur

719 961 969 1023 autem
1000 950 1078 1022 in
1113 973 1201 1022 eo
1238 950 1437 1046 quod
1469 975 1742 1024 nomen
1775 952 1885 1024 rei
1915 976 2052 1048 pro
2086 951 2256 1024 idea
2289 954 2447 1047 ejus
2479 962 2790 1046 ponunt.

374 1073 669 1150 Exepquum
818 1071 889 1136 9.
946 1064 1276 1159 Septimo
1311 1064 1531 1138 modo
1562 1077 1815 1139 errant
1843 1066 1968 1162 qui
1991 1065 2530 1162 distinguentes
2568 1063 2792 1152 entia,

370 1147 577 1202 ‘epum'
720 1175 1089 1265 dixerunt,
1162 1177 1437 1249 entium
1512 1176 1734 1250 aliud
1798 1202 1965 1250 esse
2017 1202 2149 1249 ens
2198 1202 2348 1274 per
2401 1201 2507 1265 se,
2577 1174 2795 1248 aliud

708 1312 858 1385 per
907 1288 1310 1371 acciden8;
1380 1290 1729 1362 nimirum
1784 1290 1956 1386 quia
2020 1290 2181 1364 haee
2249 1288 2610 1363 Socrates
2677 1298 2795 1361 est

717 1400 948 1491 homo,
999 1401 1408 1497 propositio
1468 1403 1886 1475 necessaria
1936 1414 2073 1492 est,
2134 1412 2212 1474 et
2261 1401 2623 1474 Socrates
2678 1410 2795 1472 est

718 1518 1063 1601 music-uo,
1123 1514 1533 1611 propositio
1593 1516 2056 1612 contingens,
2119 1515 2214 1587 ob
2277 1538 2437 1587 eam
2499 1537 2794 1586 causam

718 1627 1003 1701 faciunt
1030 1628 1234 1701 entia
1265 1628 1411 1702 alia
1441 1630 1860 1702 necessaria
1912 1628 2065 1702 sive
2115 1651 2250 1724 per
2284 1651 2386 1717 se,
2440 1626 2586 1700 alia
2619 1651 2795 1700 con-

720 1740 1087 1837 tingentia
1136 1740 1290 1814 sive
1341 1765 1476 1837 per
1536 1742 1925 1825 accidens;
2004 1741 2257 1837 itaque
2314 1764 2483 1814 eum
2543 1764 2796 1812 neces-

718 1854 1025 1943 sarium,
1063 1855 1528 1951 contingens,
1557 1879 1710 1951 per
1740 1879 1844 1943 se,
1883 1879 2035 1952 per
2082 1853 2460 1942 accidem,
2496 1853 2799 1925 nomina

718 1966 871 2039 sint
922 1990 1073 2039 non
1127 1990 1376 2038 rerum
1437 1965 1569 2039 sed
1623 1967 2237 2063 propositionum,
2288 1966 2617 2039 dicentes
2666 1990 2797 2038 ens

720 2079 1014 2175 aliquod
1054 2102 1214 2152 esse
1249 2103 1379 2152 ens
1433 2103 1568 2175 per
1617 2104 1720 2169 se,
1759 2079 2112 2176 copulant
2146 2104 2315 2153 cum
2349 2080 2651 2152 nomine
2684 2080 2792 2152 rei

721 2217 991 2266 nomen
1056 2191 1609 2289 propositionis.
1745 2193 2082 2266 Eundem
2138 2217 2465 2266 errorem
2521 2205 2795 2283 errant,

722 2307 848 2401 qui
913 2306 1116 2379 ideas
1165 2306 1345 2378 alias
1403 2305 1483 2378 in
1543 2306 1950 2396 intellectu,
2021 2307 2199 2380 alias
2261 2308 2340 2378 in
2406 2306 2799 2403 phantasia

721 2431 1052 2515 ponunt3
1105 2418 1314 2515 quasi
1349 2418 1494 2491 alia
1543 2431 1738 2491 esset
1791 2419 1959 2492 idea
2012 2419 2164 2493 sive
2197 2419 2441 2516 imago
2476 2420 2795 2493 hominis

723 2557 887 2627 quae
943 2545 1109 2606 orta
1140 2557 1186 2605 a
1232 2556 1453 2606 sensu
1488 2531 1566 2603 in
1623 2532 1978 2605 memoria
2019 2532 2405 2622 retinetur,
2454 2531 2599 2606 alia
2632 2556 2795 2628 quae

722 2646 799 2718 in
868 2646 1251 2719 intellectu
1320 2658 1457 2734 est,
1545 2646 1840 2741 quando
1900 2646 2380 2743 intelligimus
2440 2646 2794 2718 hominem

722 2784 887 2830 esse
922 2758 1208 2831 animal
1228 2787 1254 2841 ;
1310 2758 1411 2845 id,
1462 2757 1665 2853 quod
1696 2758 2073 2854 imposuit,
2129 2771 2243 2832 est
2292 2759 2488 2853 quod
2524 2760 2797 2831 nomini

721 2896 967 2961 unam,
1019 2870 1540 2969 propositioni
1596 2870 1814 2944 aliam
1885 2872 2331 2968 respondere
2390 2871 2497 2944 rei
2553 2870 2796 2944 ideam

718 2984 1168 3080 putaverint,
1206 2983 1406 3078 quod
1452 2996 1565 3056 est
1599 2983 1908 3069 falsum;
1961 3008 2134 3058 nam
2186 2985 2596 3082 propositio
2649 2985 2796 3081 sig-

721 3097 975 3170 nificat
1008 3096 1345 3170 ordinem
1379 3108 1673 3169 tantum
1708 3121 1964 3170 eorum
1999 3122 2163 3194 quae
2213 3098 2291 3171 in
2327 3098 2584 3172 eadem
2630 3097 2799 3170 idea

718 3210 1038 3284 hominis
1072 3211 1561 3283 observantur
1597 3234 1827 3282 unum
1876 3223 2049 3306 post
2099 3210 2324 3300 aliud,
2377 3224 2462 3284 ut
2502 3210 2600 3284 ad
2631 3235 2795 3283 ora-

718 3324 999 3398 tionem
1051 3323 1246 3397 hane
1299 3323 1507 3396 homo
1564 3335 1679 3396 est
1733 3323 2041 3413 animal,
2097 3324 2392 3398 unicam
2441 3324 2796 3398 habemus

717 3435 959 3509 ideam
994 3437 1135 3510 etsi
1169 3436 1246 3509 in
1299 3460 1386 3508 ea
1418 3434 1587 3507 idea
1618 3435 1823 3531 prius
1855 3436 1935 3509 id
1968 3436 2475 3511 consideretur
2493 3448 2798 3534 propter

719 3550 919 3645 quod
952 3563 1264 3623 vocatur
1289 3549 1537 3638 homo,
1571 3549 1941 3644 posterius
1969 3574 2145 3624 vero
2168 3550 2246 3626 id
2272 3563 2577 3647 propter
2597 3550 2797 3648 quod

716 3674 1026 3736 vocatur
1091 3661 1387 3736 animal.
1526 3662 1815 3733 Harum
1882 3663 2236 3752 omnium,
2320 3687 2456 3759 per
2540 3687 2794 3736 omnes

718 3775 1001 3861 modOS,
1033 3776 1393 3849 falsitates
1448 3798 1539 3847 ex
1573 3772 1956 3846 nominum
1990 3775 2503 3873 copulatorum
2538 3777 2794 3849 defini-

719 3887 1044 3961 tionibus
1081 3887 1515 3984 detegendae
1544 3897 1742 3960 sunt.

315 4036 595 4085 Falaitatem
829 4010 936 4074 10.
995 4001 1312 4076 Quando
1348 4024 1524 4074 vero
1575 4001 1878 4073 nomina
1912 4025 2306 4097 corporum
2350 4025 2524 4084 ,eum
2558 4002 2794 4075 nomi-

315 4102 692 4165 Pf⁰P⁰⁸³fi⁰¹¹¹¹¹¹¹
717 4114 935 4187 nibus
971 4139 1388 4210 corporum,
1417 4114 1721 4187 nomina
1757 4114 2249 4186 accidentium
2275 4138 2443 4186 eum
2478 4115 2796 4187 nomini-

315 4167 471 4228 detegi
491 4181 577 4229 per

312 4233 651 4345 23:¹¹3an
716 4227 855 4299 bus
890 4228 1408 4317 accidentium,
1440 4228 1741 4301 nomina
1768 4228 2149 4301 nominum
2177 4250 2345 4299 eum
2371 4228 2794 4302 nominibus

313 4378 398 4425 per
420 4362 671 4411 continuas
719 4341 1121 4433 nominum,
1145 4353 1222 4415 et
1240 4340 1543 4416 nomina
1561 4341 2161 4437 phantasmatum
2188 4365 2356 4415 cum
2376 4342 2796 4417 nominibus
