3182 5102
1588 480 1634 521 X

634 646 865 733 Ingens
894 646 982 710 illi
1012 646 1235 711 mentis
1265 646 1457 710 robur
1484 657 1549 709 et
1579 660 1788 708 vastus
1816 643 2078 718 animm,
2127 644 2490 730 gravissima
2529 645 2697 731 cogi-

550 783 854 847 tationum
916 780 1212 868 pondera,
1279 781 1589 866 judicium
1647 802 1808 856 acre,
1884 779 2276 844 ratiocinium
2348 780 2698 846 incredibili

547 918 877 1004 sagacitate
934 916 1390 982 admirandum.
1482 913 1655 979 Hinc
1712 913 1801 978 illi
1860 915 1927 979 in
1985 915 2254 981 scientiis
2311 915 2578 980 arduum
2636 931 2701 982 et

547 1053 923 1119 inaccessum
981 1037 1174 1132 nihiI;
1241 1052 1489 1118 moralis
1545 1068 1611 1116 et
1668 1053 1863 1117 civilis
1920 1052 2272 1138 prudentiae
2329 1052 2578 1118 culmen
2634 1067 2698 1118 et

544 1189 859 1277 fastigium
886 1205 1198 1255 assecutus
1226 1203 1358 1268 aet3
1404 1210 1617 1253 rerum
1642 1204 1932 1254 naturam
1956 1189 2335 1276 penitissime
2356 1189 2693 1277 indagavit,

544 1325 1005 1391 mathematicas
1026 1341 1189 1392 artes
1206 1325 1603 1392 subtilissime
1620 1325 1911 1392 excoluit.
2003 1325 2308 1414 Magnam
2337 1325 2697 1414 linguarum
2717 1310 2721 1314 Δ

546 1461 791 1526 Graecae
836 1461 1206 1549 Latinaeque
1247 1461 1554 1548 peritiam,
1602 1477 1667 1526 et
1717 1462 1784 1525 in
1829 1462 2146 1527 hodiernis
2184 1464 2695 1528 exercitationem

542 1595 711 1661 haud
741 1598 1114 1663 mediocrem
1165 1612 1340 1663 tanto
1386 1598 1520 1663 viro
1570 1599 1891 1664 adstruere
1940 1621 2465 1685 supervacaneum
2517 1597 2697 1663 facile

544 1748 905 1812 censeatur3
967 1748 1134 1799 certe
1187 1732 1523 1820 Anglicani
1574 1735 1875 1799 sermonis
1924 1735 2183 1822 genium
2228 1735 2386 1800 adeo
2436 1733 2696 1798 feliciter

541 1870 862 1954 expressit,
909 1886 979 1934 ut
1007 1891 1151 1934 cum
1190 1869 1711 1955 praestantissimis
1761 1870 1966 1956 gentis
2012 1885 2242 1935 nostrae
2293 1869 2695 1955 scriptoribus

542 2005 953 2071 conferendus
1025 2006 1249 2073 veniat.
1382 2004 1692 2092 Exemplo
1750 2006 1830 2070 sit
1898 2006 2297 2090 gravissimus
2368 2003 2695 2069 historicus

542 2138 965 2228 Thucydides,
1021 2164 1227 2229 quem,
1277 2142 1375 2205 vel
1427 2115 1611 2228 ipsis†
1655 2143 1967 2207 veteribus
2017 2142 2489 2224 subobscurum,
2537 2139 2694 2204 adeo

541 2279 882 2365 perspicue,
913 2279 1071 2344 adeo
1098 2292 1356 2343 venuste
1384 2293 1448 2342 et
1481 2278 1801 2366 eleganter
1830 2277 2166 2354 transtulit,
2198 2291 2270 2341 ut
2297 2275 2456 2340 nihil
2484 2299 2690 2363 supra.

544 2414 718 2489 Quid
746 2413 826 2480 de
853 2416 1021 2502 poesi
1050 2413 1302 2481 dicam?
1345 2416 1411 2479 in
1440 2439 1566 2503 qua
1602 2416 1858 2481 divitem
1905 2429 2194 2480 naturam
2242 2414 2328 2478 ita
2373 2412 2580 2477 studio
2626 2428 2689 2477 et

541 2551 865 2638 praeceptis
892 2551 1041 2617 artis
1069 2551 1383 2638 expolivit,
1436 2564 1503 2617 ut
1547 2564 1796 2639 poetam
1842 2565 2058 2641 ageret
2107 2574 2236 2615 non
2287 2547 2594 2614 infelicem
2625 2565 2690 2615 et

539 2689 723 2753 simul
789 2701 1044 2775 poeseos
1106 2688 1385 2775 judicem
1441 2711 1776 2755 summum.
1892 2689 2196 2776 Cogitatis
2251 2686 2476 2774 polluit
2531 2686 2689 2751 adeo

539 2825 719 2890 claris
764 2841 828 2890 et
876 2826 1233 2912 perspicuis,
1286 2841 1359 2890 ut
1404 2826 1651 2914 dogma,
1706 2826 1857 2890 dum
1896 2826 2284 2911 proponitur,
2317 2824 2383 2886 in
2414 2837 2690 2887 mentem

540 2961 830 3049 cuiquam
890 2961 1162 3027 incidere
1218 2962 1510 3049 potuisse,
1583 2963 1737 3026 dum
1816 2963 2137 3048 probatur,
2210 2981 2340 3024 non
2398 2959 2689 3024 omnibus

539 3097 859 3184 cognitum
899 3097 1103 3175 fuisse,
1144 3096 1418 3176 mireris;
1465 3111 1711 3162 tantum
1737 3097 1943 3183 potuit
1970 3095 2237 3161 elocutio
2266 3095 2382 3182 ipsi
2413 3095 2684 3181 propria.

542 3231 685 3296 Hoc
734 3232 989 3319 quidem
1034 3232 1114 3297 de
1160 3232 1265 3298 illo
1314 3255 1459 3297 vere
1507 3232 1835 3318 praedicari
1883 3245 2105 3317 potest,
2160 3232 2286 3296 sive
2332 3231 2534 3296 soluta
2579 3254 2688 3296 seu

537 3369 812 3433 numeris
850 3370 1098 3435 astricta
1142 3370 1421 3434 oratione
1468 3384 1767 3445 uteretur,
1832 3390 2272 3455 quamcunque
2323 3368 2442 3432 sibi
2491 3381 2687 3432 mate-

537 3505 695 3568 riam
742 3505 1128 3569 tractandam
1173 3507 1458 3592 suscepit,
1509 3505 1679 3571 illam
1729 3506 2057 3593 insigniter
2085 3527 2391 3570 exornare
2436 3519 2501 3570 et
2528 3506 2686 3570 miro

539 3640 809 3728 quodam
858 3641 1077 3728 spiritu
1124 3642 1401 3706 animare
1452 3641 1799 3706 videbatur.
1890 3640 2064 3715 Quid
2094 3663 2446 3705 recenseam
2475 3639 2686 3704 multi-

536 3775 758 3861 plicem
787 3777 855 3840 in
883 3777 1053 3841 omni
1082 3800 1242 3864 pene
1270 3778 1531 3842 materia
1571 3778 1943 3863 scriptorum
1987 3778 2249 3864 copiam,
2302 3776 2684 3863 paradoxam

535 3912 898 3998 opinionum
930 3913 1271 3990 veritatem,
1324 3935 1632 3978 summam
1685 3912 1852 3999 apud
1902 3912 2211 3999 principes
2256 3926 2319 3976 et
2364 3925 2683 3999 magnates

534 4048 818 4135 gratiam,
872 4048 1037 4113 inter
1080 4048 1355 4113 eruditos
1405 4049 1634 4114 famam
1683 4048 1807 4114 late
1857 4048 2164 4125 diffusam,
2217 4048 2361 4112 licet
2408 4048 2682 4134 partium

534 4185 751 4250 studiis
779 4185 843 4248 in
874 4184 1184 4249 contraria
1211 4184 1513 4264 discissis;
1561 4185 1658 4250 his
1704 4185 2093 4262 mirantibuS,
2147 4183 2563 4262 laudantibuS,
2617 4197 2681 4247 et

828 4399 855 4456 †
880 4396 1111 4454 Ciceroni,
1138 4395 1368 4459 Dionysio
1394 4395 1816 4456 Halicarnassensi,
1844 4396 2150 4460 Hermogeni,
2174 4395 2360 4444 Photio.
