3182 5102
793 464 929 527 354
1631 478 2010 530 PHYSICA.

416 646 589 760 ΡΑῙὲἒ
626 647 710 698 W·
786 646 1130 720 trinitatis
1192 658 1409 719 terrae
1473 671 1768 720 causam
1832 646 2278 743 possibilem.
2409 646 2639 721 Quod
2705 661 2864 719 erat

415 748 699 818 2-9-2
784 759 1225 833 faciendum.

884 873 1278 947 Consentio
1313 897 1488 970 ergo
1525 875 1866 971 Kepler0,
1913 875 1989 947 in
2035 899 2122 948 eo
2177 872 2373 970 quod
2423 872 2548 945 ille
2593 898 2859 946 excen-

784 987 1177 1060 tricitatem
1212 997 1426 1061 terrae
1478 988 1697 1062 alicui
1747 990 1972 1085 ipsius
2020 1001 2239 1062 terrae
2288 987 2615 1084 partium
2652 987 2857 1060 diffe-

784 1102 1043 1174 rentiae
1110 1102 1495 1186 attribuit;
1576 1126 1887 1198 quarum
1955 1102 2275 1198 partium
2344 1100 2654 1172 alteram
2721 1101 2856 1173 soli

783 1215 1115 1303 amicam,
1152 1214 1457 1287 alteram
1492 1216 1840 1310 supponit
1872 1215 2264 1286 inimicam.
2369 1214 2455 1285 ln
2493 1238 2581 1285 eo
2605 1226 2856 1286 autem

783 1327 1152 1416 dissenti0,
1205 1328 1400 1423 quod
1454 1327 1599 1401 hoc
1650 1329 1811 1401 fieri
1870 1328 1989 1400 ille
2047 1338 2261 1424 putat
2320 1350 2454 1422 per
2501 1327 2856 1399 virtutem

782 1440 1291 1536 magneticam.
1391 1440 1759 1514 Virtutem
1810 1452 2057 1514 autem
2108 1440 2602 1536 magneticam
2654 1441 2854 1512 illam

780 1553 931 1625 sive
978 1555 1492 1626 attractionem
1541 1564 1618 1625 et
1667 1554 2132 1627 abactionem
2181 1564 2399 1625 terrae
2451 1552 2612 1624 fieri
2665 1554 2858 1625 arbi-

777 1678 1015 1739 tretur
1047 1690 1179 1762 per
1212 1667 1486 1762 species
1528 1667 2073 1740 immateriataS.
2180 1666 2348 1739 Hoc
2400 1678 2647 1738 autem
2696 1668 2854 1739 fieri

778 1802 926 1851 non
961 1790 1227 1874 potest,
1256 1790 1647 1874 propterea
1682 1779 1878 1874 quod
1911 1778 2093 1851 nihil
2126 1791 2379 1852 movet
2410 1779 2551 1851 nisi
2585 1803 2856 1874 corpus

777 1903 1059 1965 motum
1095 1902 1172 1963 et
1205 1891 1658 1987 contiguum.
1764 1891 1955 1962 Nam
1998 1892 2059 1962 si
2109 1890 2399 1987 corpori
2445 1891 2856 1985 quiescenti

778 2005 1129 2100 contigua
1162 2028 1472 2101 corpora
1520 2027 1674 2077 non
1715 2015 2171 2092 moveantur,
2226 2005 2463 2099 ipsum
2516 2004 2858 2077 desinere

776 2119 1143 2213 quiescere
1179 2117 1648 2213 incogitabile
1682 2131 1833 2189 est:
1889 2117 2088 2211 quod
2139 2129 2216 2188 et
2262 2117 2854 2190 demonstratum

774 2243 908 2316 est,
962 2255 1121 2325 cap.
1162 2253 1280 2303 lx.
1327 2241 1465 2302 art.
1521 2235 1591 2318 7,
1655 2241 1728 2302 et
1785 2230 1964 2302 alias
2023 2254 2244 2326 supra
2301 2230 2564 2326 saepius
2619 2231 2858 2303 incul-

772 2357 1043 2433 catum,
1094 2369 1180 2418 eo
1223 2346 1394 2434 fine,
1444 2354 1529 2415 ut
1581 2344 1810 2417 velint
1859 2345 2156 2417 tandem
2210 2343 2626 2439 philosophi
2676 2369 2855 2417 con-

769 2457 1082 2531 nexione
1115 2457 1535 2554 hujusmodi
1569 2457 2095 2530 vocabulorum
2129 2456 2476 2553 ᾰδιανόητῳ
2512 2457 2624 2529 uti
2660 2457 2854 2530 desi-

766 2595 962 2645 nere.
1067 2573 1155 2644 In
1189 2595 1276 2644 eo
1312 2572 1535 2644 etiam
1561 2570 1655 2643 ab
1685 2571 1808 2644 illo
1832 2569 2203 2659 dissentio,
2229 2570 2429 2665 quod
2451 2594 2848 2667 corporum

764 2695 1039 2758 mutuae
1075 2684 1533 2757 attractionis
1568 2707 1863 2755 causam
1896 2708 2052 2756 esse
2087 2684 2288 2756 dicat
2322 2685 2650 2779 ipsorum
2680 2709 2847 2758 cor-

762 2824 1023 2895 porum
1057 2798 1571 2894 cognationem
1605 2825 1621 2867 :
1675 2820 1847 2869 nam
1889 2797 1951 2869 si
1997 2797 2140 2870 hoc
2185 2809 2400 2885 esset,
2441 2821 2591 2870 non
2625 2799 2845 2872 video

764 2936 989 3009 quare
1057 2935 1276 2984 ovum
1343 2910 1434 2983 ab
1505 2933 1643 2982 ovo
1704 2933 1852 2982 non
1920 2910 2438 2982 attraheretur.
2546 2911 2623 2983 Si
2693 2935 2846 3007 qua

763 3050 938 3121 ergo
964 3026 1156 3097 inter
1189 3023 1416 3096 solem
1440 3035 1516 3096 et
1549 3035 1837 3119 partem
1871 3034 2089 3096 terrae
2114 3048 2339 3096 unam
2365 3048 2585 3120 quam
2618 3025 2839 3097 aliam

762 3141 994 3235 major
1025 3137 1435 3210 intercedat
1469 3138 1813 3227 amicitia,
1851 3138 2202 3211 consistet
2236 3161 2325 3209 ea
2367 3138 2444 3209 in
2491 3162 2601 3226 ec,
2640 3139 2841 3234 quod

760 3252 992 3324 altera
1017 3274 1185 3347 pars
1212 3273 1468 3345 aquea,
1497 3250 1727 3323 altera
1746 3251 1953 3323 arida
1985 3252 2080 3323 sit
2103 3282 2121 3334 ;
2159 3275 2249 3323 ex
2277 3274 2422 3346 quo
2449 3252 2837 3347 contingit,

760 3377 845 3438 ut
874 3364 1091 3438 modo
1129 3363 1706 3436 demonstratum
1744 3376 1877 3452 est,
1915 3364 2146 3460 magis
2181 3364 2528 3437 accedere
2560 3377 2838 3438 terram

760 3478 854 3550 ad
904 3478 1133 3551 solem
1186 3477 1480 3573 quando
1533 3501 1579 3549 a
1639 3477 1789 3550 sole
1851 3477 2303 3549 illuminatur
2351 3501 2522 3573 pars
2578 3503 2834 3574 aquea,

761 3614 980 3686 quam
1015 3591 1309 3687 quando
1345 3590 1571 3663 arida.

408 3698 566 3745 ΟΜ*
587 3712 732 3773 ‘1¹3⁸‘ss
856 3712 927 3776 9.
982 3704 1188 3776 Facit
1253 3703 1414 3775 haec
1485 3703 1765 3775 telluris
1834 3704 2375 3794 excentricitas,
2443 3718 2531 3777 ut
2593 3706 2836 3779 orbita

401 3836 535 3939 tzrrae
548 3843 735 3903 {emper
759 3818 914 3912 ejus
954 3840 1200 3889 annua
1230 3815 1601 3911 perfectus
1634 3816 1946 3891 circulus
1980 3841 2130 3890 non
2164 3817 2282 3906 sit,
2327 3818 2457 3890 sed
2489 3819 2682 3891 linea
2714 3819 2834 3893 vel

395 3901 659 4007 gaffssssm
759 3929 1078 4025 elliptica
1103 3928 1220 4002 vel
1255 3940 1450 4002 certe
1485 3928 1638 4002 fere
1674 3929 2041 4025 elliptica;
2093 3953 2329 4024 neque
2365 3955 2576 4003 axem
2611 3945 2830 4006 terrae

754 4044 988 4115 teneri
1023 4066 1306 4138 semper
1336 4043 1474 4116 sibi
1508 4054 1765 4115 exacte
1800 4043 2249 4139 parallelum,
2284 4043 2417 4116 sed
2441 4045 2516 4116 in
2536 4047 2828 4140 punctis

756 4167 1045 4228 tantum
1080 4155 1732 4250 aequinoctialibuS.

856 4268 1224 4343 Quoniam
1271 4280 1516 4342 autem
1558 4280 1643 4341 ut
1696 4280 1969 4343 terram
2021 4295 2067 4343 a
2115 4269 2287 4359 sole,
2337 4272 2442 4342 ita
2479 4270 2730 4343 lunam
2781 4297 2828 4345 a

754 4391 950 4454 terra
990 4381 1441 4456 circumferri
1494 4382 1824 4475 dicimus,
1872 4396 2070 4459 terra
2112 4394 2360 4458 autem
2404 4384 2509 4456 ita
2559 4385 2825 4458 circuit
