3182 5102
612 489 698 554 lvi
1163 508 1329 553 vrrAE
1360 506 1725 552 nossnmae
1757 503 2179 553 Aucnmuu.

614 676 1042 763 apographum
1100 676 1216 741 tibi
1264 674 1552 750 concessi,
1613 673 2041 738 authenticum
2098 687 2307 738 autem
2359 671 2505 738 dedi
2561 671 2764 739 amico

615 811 809 877 nobili
864 826 929 876 et
977 811 1177 890 docto,
1230 834 1397 876 anno
1447 811 1676 876 abhinc
1726 810 2038 875 defuncto.
2131 810 2260 874 Sua
2312 809 2630 897 Majestas,
2681 810 2765 876 ad

616 972 803 1036 quam
855 950 1125 1015 maxime
1168 963 1404 1036 spectat
1448 948 1556 1035 qui
1602 947 1746 1013 libri
1795 948 1860 1011 in
1912 946 2234 1034 publicum
2283 946 2607 1032 prodeant,
2663 971 2766 1012 me

613 1085 801 1173 longe
828 1085 1048 1151 melius
1076 1085 1268 1163 novit,
1290 1084 1444 1171 quid
1471 1082 1634 1149 facto
1664 1107 1818 1170 opus
1847 1084 1944 1148 sit.
2035 1083 2287 1148 Nollem
2309 1084 2521 1170 itaque
2550 1083 2666 1148 hac
2696 1084 2762 1146 in

615 1246 684 1289 re
734 1224 799 1286 in
844 1224 1033 1309 ipsius
1083 1222 1484 1287 offensionem
1528 1222 1881 1301 incurrere3
1942 1245 2147 1308 neque
2204 1236 2267 1286 te
2316 1221 2463 1286 huic
2514 1223 2765 1309 negotio

616 1360 976 1437 immisceas,
1007 1381 1179 1444 rogo,
1268 1357 1370 1422 Ne
1398 1356 1490 1423 vel
1522 1359 1812 1423 minimas
1855 1359 1922 1422 in
1965 1358 2126 1423 libro
2168 1357 2545 1445 publicando
2582 1358 2767 1423 susti-

617 1520 832 1562 nerem
860 1512 1085 1584 partes,
1117 1495 1333 1583 quovis
1355 1496 1554 1582 pretio
1583 1495 1974 1561 redimerem.

698 1638 856 1702 Juu.
892 1637 989 1709 19,
1026 1633 1211 1698 1679.
2037 1629 2392 1695 Tuus—T.
2426 1627 2763 1695 HoBBES.”

702 1904 888 1971 Circa
943 1903 1219 1970 medium
1278 1902 1589 1980 Octobris,
1644 1901 1795 1966 anni
1845 1903 2027 1978 1679,
2080 1902 2279 1966 urinae
2335 1901 2767 1987 suppressione

615 2054 934 2127 correptus
962 2054 1055 2105 est
1070 2064 1088 2117 3
1135 2038 1357 2104 medici
1385 2053 1595 2102 autem
1648 2037 1731 2101 ob
1769 2035 2073 2124 grandem
2114 2052 2383 2115 aetatem,
2425 2036 2506 2101 de
2544 2038 2766 2103 morbo

615 2175 833 2261 quovis
875 2175 1290 2239 remediorum
1341 2187 1647 2260 apparatu
1695 2173 1942 2260 penitus
1990 2172 2353 2250 amovendo,
2400 2173 2657 2261 ipsoque
2697 2175 2764 2237 in

615 2311 928 2397 integrum
958 2310 1357 2387 restituendO,
1390 2310 1820 2397 desperabant.
1894 2309 2203 2375 Vicesimo
2233 2309 2606 2376 Novembris
2634 2311 2768 2375 De-

615 2448 818 2512 voniae
839 2448 1085 2513 Comite
1105 2469 1248 2511 cum
1271 2447 1557 2510 universa
1572 2444 1807 2510 familia
1826 2468 1866 2510 a
1883 2445 2320 2512 Cattiswortho
2343 2446 2767 2512 Hardovicum

617 2582 1115 2670 transmigrante,
1144 2582 1434 2647 Hobbius
1456 2597 1790 2669 patronum
1812 2581 2146 2647 comitandi
2168 2583 2377 2648 animo
2400 2585 2763 2662 obstinatus,

617 2719 853 2784 lecticae
900 2720 1219 2806 impositus
1248 2721 1366 2785 viae
1412 2720 1841 2798 committitur,
1872 2740 1955 2784 ex
1993 2720 2215 2784 itinere
2244 2719 2400 2784 nihil
2430 2722 2766 2810 quicquam

617 2854 917 2920 molestiae
937 2856 1068 2942 pati
1090 2855 1272 2920 visus.
1349 2855 1774 2920 Nihilominus
1797 2877 1909 2919 sex
1927 2871 2241 2942 septemve
2267 2855 2487 2921 diebus
2508 2872 2768 2943 praeter-

616 2989 821 3076 lapsis,
864 2990 1070 3056 dextri
1110 2990 1316 3056 lateris
1357 3006 1783 3056 consummata
1810 2991 2075 3078 paralysi
2103 2991 2378 3070 affectus,
2410 3006 2475 3057 et
2502 2993 2766 3081 loquelae

618 3149 734 3191 usu
777 3127 1052 3212 privatus
1095 3140 1207 3191 est.
1297 3125 1587 3191 Posthaec
1630 3125 1925 3211 pauculos
1968 3126 2099 3191 dies
2140 3129 2498 3214 supervixit,
2544 3150 2763 3214 parum

617 3285 865 3326 sumens
920 3262 1219 3340 alimenti,
1267 3263 1581 3327 dormiens
1638 3261 1996 3348 plurimum,
2048 3285 2160 3348 per
2215 3263 2540 3328 intervalla
2592 3263 2766 3351 loqui

617 3414 892 3477 conatus,
924 3399 1033 3464 sed
1063 3401 1323 3464 frustra:
1369 3415 1501 3464 toto
1543 3400 1750 3464 morbi
1787 3400 2072 3479 decursu,
2104 3401 2207 3465 vix
2251 3401 2470 3466 febrile
2510 3402 2764 3489 aliquod

618 3550 966 3621 symptoma
986 3539 1301 3624 comparui
1308 3553 1365 3617 t;
1397 3539 1486 3604 ita
1507 3553 1577 3602 ut
1599 3538 1683 3603 ob
1705 3552 2048 3603 extremam
2070 3553 2468 3615 senectutem,
2489 3539 2765 3603 extincto

619 3671 971 3758 biolychnio
999 3687 1063 3737 et
1090 3674 1416 3739 deficiente
1437 3675 1583 3739 vitae
1601 3674 1833 3752 fomite,
1853 3696 2042 3761 quam
2064 3674 2452 3761 aegritudinis
2474 3673 2766 3739 violentia

618 3829 655 3871 e
698 3809 851 3872 vivis
896 3809 1197 3874 excedere
1241 3810 1575 3875 videretur.
1665 3811 1845 3876 Obiit
1889 3825 2098 3875 autem
2145 3824 2367 3897 quarto
2397 3809 2766 3875 Decembris

624 3945 806 4010 1679.

708 4077 927 4143 Elatus
954 4093 1049 4144 est
1085 4099 1165 4145 ex
1202 4080 1443 4146 aedibus
1486 4081 1734 4167 pan-oni
1776 4081 1891 4158 sui,
1937 4103 2166 4168 pompa
2206 4102 2332 4146 non
2376 4103 2623 4169 magna,
2654 4079 2764 4145 sed

620 4213 818 4279 officio
846 4214 1082 4281 funeris
1120 4217 1264 4281 satis
1290 4217 1537 4282 decoro.
1630 4216 1925 4304 Sepultus
1951 4233 2047 4284 est
2075 4219 2140 4281 in
2169 4217 2427 4284 ecclesia
2455 4218 2657 4282 vicina
2683 4216 2766 4282 de

621 4350 824 4415 Hault
884 4351 1219 4430 Hucknall,
1280 4352 1597 4418 sacerdote
1651 4352 1995 4418 secundum
2048 4353 2342 4418 Ecclesiae
2392 4353 2764 4441 Anglicanae

621 4486 912 4554 fivrmulas
954 4487 1360 4575 exequiarum
1394 4490 1566 4574 justa
1609 4489 1962 4555 celebrante
2070 4490 2379 4556 Conditus
2435 4507 2530 4555 est
2576 4491 2766 4575 juxta
