3182 5102
947 440 1053 490 DE
1093 439 1415 491 cunrno
1452 438 1975 498 AEQUILIBRH.
2342 423 2485 490 295

406 604 504 677 ad
558 603 622 675 A
651 604 732 692 Z,
794 605 1204 701 composita
1271 629 1363 678 ex
1427 605 1715 680 ratione
1798 604 2156 678 momenti
2217 605 2475 700 figurae
2523 612 2700 727 ΡΑῐέξ
2725 613 2831 664 111·

406 717 791 813 completae
826 718 884 790 C
913 719 980 791 D
1009 719 1065 791 F
1085 719 1146 791 E
1184 718 1279 792 ad
1305 731 1761 792 momentum
1782 720 2038 815 figurae
2064 717 2472 790 deficientis
2528 713 2812 785 s-fssa

411 830 470 904 C
492 832 524 903 I
547 832 615 903 A
636 831 692 902 P
711 832 772 904 E
808 843 882 904 et
926 856 1016 905 ex
1049 833 1334 906 ratione
1378 833 1724 928 ponderis
1756 835 2013 929 figurae
2060 831 2468 905 deficientis
2496 820 2750 947 2333

411 944 469 1016 C
495 944 532 1016 Ι
553 946 621 1017 Α
642 945 698 1016 Ρ
717 946 778 1016 Ε
847 945 941 1018 ad
999 945 1286 1042 pondus
1352 946 1609 1043 figurae
1689 946 2072 1041 completae
2129 945 2188 1018 C
2209 944 2275 1017 D
2299 945 2355 1017 F
2379 946 2463 1018 E.
2493 949 2769 1013 figurarum,
2793 950 2885 997 &0-

411 1057 557 1130 Sed
601 1058 788 1132 ratio
836 1059 905 1131 A
925 1059 985 1131 L
1038 1059 1133 1132 ad
1189 1061 1258 1133 A
1278 1060 1334 1132 Z
1391 1060 1856 1156 componitur
1911 1083 2002 1134 ex
2058 1057 2465 1132 rationibus

405 1171 557 1244 AL
588 1171 683 1245 ad
718 1172 857 1244 BZ
893 1185 968 1246 et
1004 1173 1141 1246 BZ
1175 1173 1271 1247 ad
1304 1174 1471 1247 AZ.
1580 1174 1748 1248 Jam
1781 1173 1969 1247 ratio
2017 1172 2157 1247 BZ
2192 1172 2286 1246 ad
2320 1171 2464 1245 AZ

409 1295 522 1356 est
577 1284 768 1358 ratio
827 1286 1237 1382 ponderum
1303 1287 1703 1383 reciproca,
1773 1287 1852 1360 id
1916 1298 2052 1376 est,
2120 1285 2465 1383 ponderis

409 1397 468 1470 C
491 1398 522 1471 Ι
543 1399 612 1472 A
634 1400 690 1471 P
708 1399 771 1472 E
806 1399 903 1472 ad
933 1400 1221 1496 pondus
1255 1400 1316 1473 C
1336 1401 1403 1473 D
1430 1402 1488 1473 F
1506 1401 1591 1473 E.
1663 1401 1922 1498 Itaque
1955 1400 2146 1474 ratio
2180 1398 2464 1496 reliqua

407 1512 475 1583 A
496 1511 557 1584 L
586 1512 682 1585 ad
717 1513 779 1584 B
800 1512 879 1600 Z,
918 1512 996 1586 id
1030 1524 1164 1602 est,
1202 1513 1344 1586 LB
1377 1514 1473 1586 ad
1525 1513 1586 1585 B
1609 1512 1665 1584 Z
1701 1525 1817 1587 est
1866 1512 2057 1587 ratio
2106 1512 2464 1586 momenti

405 1625 751 1719 ponderis
787 1626 845 1698 C
866 1626 933 1698 D
957 1627 1014 1697 F
1032 1628 1093 1698 E
1127 1626 1223 1699 ad
1247 1638 1701 1699 momentum
1727 1627 2073 1723 ponderis
2099 1627 2202 1700 cl
2217 1627 2286 1699 A
2302 1627 2358 1698 P
2378 1626 2463 1699 E.

411 1737 555 1810 Sed
602 1738 787 1811 ratio
845 1738 914 1810 A
935 1739 995 1811 L
1040 1739 1138 1812 ad
1185 1741 1246 1812 B
1268 1740 1324 1812 Z
1385 1740 1849 1835 componitur
1907 1764 1998 1813 ex
2056 1739 2463 1813 rationibus

408 1851 556 1923 AL
586 1851 682 1924 ad
715 1852 860 1924 AZ
895 1863 971 1924 et
1004 1852 1148 1924 AZ
1185 1852 1281 1925 ad
1328 1853 1511 1937 BZ;
1564 1877 1875 1949 quarum
1925 1854 2296 1926 rationum
2353 1876 2463 1942 ea,

409 1988 570 2059 quae
605 1976 717 2037 est
749 1965 893 2037 AZ
928 1964 1024 2037 ad
1060 1965 1121 2037 B
1142 1965 1222 2054 Z,
1263 1979 1377 2039 est
1412 1965 1605 2039 ratio
1648 1965 1993 2061 ponderis
2029 1966 2087 2038 C
2109 1966 2175 2038 D
2201 1965 2257 2037 F
2278 1966 2337 2038 E
2371 1965 2467 2039 ad

406 2077 692 2173 pondus
719 2078 778 2150 C
800 2077 913 2149 IA
935 2078 992 2150 P
1010 2078 1094 2151 E.
1163 2079 1412 2153 Quare
1454 2080 1616 2175 (per
1649 2078 2037 2152 articulum
2067 2078 2142 2172 5)
2183 2079 2467 2174 reliqua

408 2191 597 2264 ratio
632 2191 698 2262 A
721 2191 781 2262 L
826 2189 922 2264 ad
960 2190 1104 2263 AZ
1157 2203 1270 2264 est
1318 2192 1509 2265 ratio
1563 2191 2076 2265 distantiarum
2111 2191 2167 2265 Z
2219 2204 2296 2265 et
2331 2192 2392 2265 L
2425 2217 2469 2265 a

409 2315 663 2377 centro
722 2303 953 2392 librae,
1017 2304 1216 2399 quod
1276 2316 1389 2378 est
1446 2306 1536 2377 A.
1668 2306 1915 2380 Quare
1974 2306 2136 2402 (per
2196 2319 2332 2378 art.
2383 2305 2462 2397 6)

405 2416 692 2512 pondus
729 2417 843 2490 CI
866 2417 934 2489 A
954 2418 1010 2489 P
1031 2419 1092 2489 E
1137 2417 1676 2514 aequilibratum
1728 2419 1869 2491 erit
1919 2442 2138 2515 super
2186 2430 2466 2493 rectam

410 2532 474 2604 O
504 2531 583 2604 Z.
703 2531 837 2604 Est
908 2556 1084 2629 ergo
1154 2532 1219 2605 Ο
1254 2531 1310 2604 Ζ
1363 2532 1594 2606 altera
1660 2531 2015 2606 diameter
2076 2532 2465 2631 aequssibrii

408 2645 751 2740 ponderis
789 2645 847 2717 C
869 2646 901 2717 I
925 2647 993 2719 A
1015 2646 1174 2719 PE.
1283 2647 1430 2720 Sed
1473 2647 1706 2720 altera
1755 2646 2080 2743 ejusdem
2120 2648 2467 2744 ponderis

411 2757 764 2831 diameter
824 2758 1212 2855 aequilibrii
1266 2771 1378 2833 est
1430 2772 1636 2833 recta
1686 2761 1755 2833 A
1786 2761 1872 2832 B.
1997 2760 2245 2835 Quare
2305 2762 2468 2856 (per

409 2870 552 2943 def.
582 2872 659 2965 7)
699 2884 1055 2967 punctum
1088 2873 1144 2945 Z
1181 2884 1292 2946 est
1325 2885 1664 2947 centrum
1696 2874 2082 2971 gravitatis
2115 2875 2464 2970 ponderis

409 2985 523 3057 CI
548 2985 614 3057 A
633 2986 689 3057 P
708 2986 792 3059 E.
906 2986 1128 3061 Quod
1177 3000 1556 3082 punctum,
1627 3012 1759 3085 per
1815 2988 2461 3076 constructionem,

409 3097 668 3170 dividit
706 3123 916 3171 axem
950 3100 1055 3172 ita
1086 3111 1171 3172 ut
1201 3124 1373 3196 pars
1408 3101 1477 3173 A
1497 3100 1577 3190 Ζ,
1609 3125 1772 3196 quae
1807 3112 1919 3174 est
1959 3101 2057 3174 ad
2089 3102 2461 3191 verticem,

389 3211 502 3284 ‘sit
550 3212 645 3284 ad
693 3225 979 3308 partem
1029 3213 1384 3309 reliquam
1435 3215 1494 3287 B
1516 3215 1596 3305 Z,
1658 3227 1743 3287 ut
1801 3215 2041 3310 figura
2102 3216 2465 3311 completa

408 3324 468 3397 C
488 3324 554 3397 D
578 3326 633 3396 F
653 3326 713 3397 E
748 3325 843 3398 ad
893 3327 1204 3423 figuram
1254 3327 1717 3401 deficientem
1769 3328 1828 3402 C
1851 3329 1885 3400 I
1906 3329 1974 3401 A
1996 3328 2052 3399 P
2072 3328 2154 3400 E.
2243 3328 2464 3403 Quod

406 3449 566 3510 erat
599 3438 1268 3512 demonstrandum.

505 3551 778 3625 Coroll.
817 3573 871 3625 1.
926 3552 1332 3649 Cujuslibet
1381 3553 1655 3626 trilinei
1704 3554 1904 3650 plani
1959 3577 2237 3644 eorum,
2299 3578 2462 3649 quae

405 3677 923 3760 comparantur
1014 3690 1180 3739 cum
1286 3667 1666 3762 completis
1749 3668 1921 3757 suiS,
2025 3667 2102 3739 in
2192 3669 2463 3742 tabella

403 3777 694 3851 articuli
743 3787 811 3866 3,
882 3778 1140 3875 capitis
1193 3802 1405 3870 xvu‚
1476 3792 1810 3854 centrum
1877 3782 2264 3878 aequilibrii
2328 3807 2462 3878 per

401 3890 633 3985 ipsam
695 3891 1002 3964 eandem
1068 3893 1393 3966 tabulam
1458 3894 1796 3984 habetur,
1859 3896 2211 3969 sumendo
2269 3897 2461 3970 frac-

401 4003 625 4077 tionis
660 4003 1289 4078 denominatorem
1321 4029 1456 4103 pro
1508 4019 1720 4103 parte
1754 4007 1909 4081 axis
1958 4008 2053 4082 ad
2085 4010 2457 4100 verticem,

399 4128 942 4191 numeratorem
975 4142 1150 4192 vero
1196 4143 1333 4214 pro
1367 4131 1576 4217 parte
1625 4121 1721 4193 ad
1768 4122 2024 4194 basim.
2127 4124 2459 4220 Exempli

402 4253 642 4319 causa,
728 4255 1061 4326 quaerens
1145 4243 1478 4305 centrum
1563 4234 1948 4330 aequilibrii
2027 4235 2299 4310 trilinei
2368 4261 2459 4310 ex

401 4343 662 4418 mediis
730 4356 1047 4440 quatuor
1113 4346 1415 4419 secundi
1451 4376 1471 4430 ;
1557 4348 1851 4422 invenio
1935 4349 2013 4424 in
2100 4374 2459 4423 concursu
