3182 5102
905 474 1014 526 nn
1050 471 1342 538 nuum,
1381 469 1691 535 ουκνο,
1727 467 1904 524 nro.
2313 451 2449 518 155

375 641 938 740 congruentiam
984 640 1301 737 aequales
1334 638 1532 714 inter
1577 661 1657 712 se
1713 647 2003 721 essent3
2054 628 2256 736 quod
2298 637 2455 733 jam

374 767 751 830 ostensum
787 766 901 827 est
926 753 1087 828 fieri
1121 778 1272 827 non
1317 775 1557 850 posse.

472 891 600 942 111.
628 868 834 941 Inter
853 866 1001 941 duo
1022 877 1303 963 puncta
1313 866 1509 955 data,
1524 876 1806 944 rectam
1828 864 2126 939 unicam
2145 863 2461 961 intelligi

368 1006 610 1082 posse.
694 982 890 1058 Quia
915 981 1112 1060 inter
1146 981 1403 1058 eadem
1437 991 1720 1077 puncta
1753 978 2071 1075 intelligi
2105 1003 2256 1057 non
2289 1002 2462 1075 pos-

375 1107 550 1172 sunt
572 1094 737 1169 duae
755 1093 1259 1191 longitudines
1283 1093 1435 1167 sive
1462 1094 1855 1172 intervalla
1871 1093 2198 1170 minima.
2269 1093 2466 1167 Nam

378 1211 441 1286 si
476 1234 624 1283 una
657 1232 910 1286 earum
943 1208 1248 1286 minima
1296 1207 1417 1296 sit,
1467 1208 1703 1284 altera
1768 1230 1938 1281 cum
1991 1231 2080 1282 ea
2111 1207 2229 1286 vel
2263 1207 2466 1282 coin-

379 1324 585 1413 cidit,
622 1335 698 1399 et
737 1324 922 1396 fient
961 1347 1112 1398 una
1150 1334 1380 1412 recta,
1424 1322 1545 1396 vel
1591 1322 1653 1396 si
1703 1346 1855 1400 non
1904 1320 2299 1406 coincidet,
2335 1346 2469 1419 per

381 1435 888 1510 extensionem
920 1435 1016 1509 ad
1048 1446 1333 1510 rectam
1365 1436 1736 1532 applicata
1773 1434 2071 1508 eosdem
2106 1435 2465 1510 terminos

381 1575 534 1626 non
554 1549 879 1636 habebit,
903 1548 1034 1623 sed
1060 1549 1535 1640 diductiore8‚
1570 1561 1650 1624 et
1680 1548 1991 1646 proinde
2027 1573 2075 1624 a
2098 1548 2466 1648 principio

384 1688 611 1738 curva
645 1675 831 1739 erat.

487 1800 599 1851 IV.
657 1776 878 1854 Quod
915 1776 1079 1850 duae
1114 1786 1337 1851 rectae
1379 1775 1844 1874 superficiem
1888 1799 2040 1856 non
2081 1775 2471 1856 includunt

384 1891 719 1988 sequitur
754 1913 845 1962 ex
883 1898 950 1962 3.
1057 1889 1250 1962 Nam
1297 1890 1359 1963 si
1392 1901 1792 1988 utrumque
1837 1890 2233 1966 terminum
2268 1914 2469 1966 com-

385 2028 686 2080 munem
730 2004 1032 2092 habent,
1071 2003 1550 2088 coincidunt;
1606 2003 1668 2076 si
1720 2027 1950 2079 unum
1998 2014 2313 2091 tantum,
2354 2003 2471 2077 vel

386 2131 759 2206 neutrum,
795 2117 1258 2212 superficiem
1290 2141 1442 2193 non
1473 2116 1851 2206 claudunt,
1890 2116 2023 2192 sed
2050 2142 2214 2197 eam
2248 2117 2471 2192 relin-

391 2243 630 2330 quunt
683 2255 771 2303 ex
804 2243 1019 2327 parte
1056 2230 1593 2328 disjunctorum
1621 2231 2108 2305 terminorum
2138 2244 2470 2329 apertam

395 2359 470 2421 et
505 2345 1080 2420 interminatam.

495 2483 573 2536 v.
631 2459 851 2534 Quod
897 2458 1134 2532 omnis
1176 2483 1347 2557 pars
1395 2472 1620 2533 rectae
1663 2472 1776 2533 est
1823 2469 2049 2550 recta,
2090 2459 2259 2558 quia
2308 2485 2474 2536 cum

396 2597 857 2673 unaquaeque
889 2599 1060 2670 pars
1094 2584 1318 2649 rectae
1352 2574 1657 2648 minima
1698 2585 1835 2662 est,
1873 2598 2037 2671 quae
2072 2574 2268 2648 inter
2302 2599 2474 2650 suos

398 2689 753 2764 terminos
816 2689 985 2762 duci
1039 2700 1311 2786 potest,
1373 2689 1515 2764 nisi
1576 2712 1831 2762 omnes
1890 2699 2139 2785 partes
2199 2690 2475 2763 consti-

400 2813 698 2877 tuerent
763 2826 989 2875 unam
1047 2814 1351 2890 rectam,
1410 2813 1658 2876 essent
1724 2825 1979 2879 omnes
2048 2801 2263 2879 simul
2319 2814 2480 2878 tota

402 2918 739 3014 majores.

504 3041 573 3105 2.
629 3029 934 3105 Planum
986 3028 1138 3105 sive
1196 3032 1637 3129 superficies
1677 3032 1928 3131 plana
1972 3057 2065 3106 ea
2122 3041 2260 3124 est,
2315 3058 2482 3130 quoe

410 3144 867 3219 describitur
904 3169 951 3216 α
991 3143 1191 3219 linea
1224 3156 1440 3219 recta
1487 3146 1600 3219 ita
1634 3157 1832 3221 mota
1866 3157 1947 3221 ut
1979 3147 2288 3247 singula
2321 3149 2483 3242 ejus

395 3270 686 3360 puncta
718 3260 1064 3359 singulas
1101 3260 1536 3335 describant
1568 3260 1810 3339 lineas
1844 3271 2121 3335 rectas.
2224 3263 2484 3358 Itaque

409 3386 613 3448 recta
643 3374 840 3450 linea
886 3374 1298 3449 necessario
1342 3385 1506 3448 tota
1543 3377 1747 3472 jacet
1780 3375 1858 3453 in
1910 3399 1998 3449 eo
2027 3376 2248 3473 plano
2285 3375 2486 3473 quod

411 3488 501 3570 ab
536 3489 699 3587 ipsa
724 3486 1185 3565 describitur.
1288 3486 1535 3562 Etiam
1560 3501 1789 3562 rectae
1826 3512 2105 3579 omneS,
2130 3513 2312 3586 quas
2336 3490 2485 3565 sin-

411 3603 584 3700 gula
613 3614 894 3698 puncta
925 3614 1150 3676 rectae
1190 3601 1490 3698 planum
1537 3602 2023 3679 describentis
2065 3604 2371 3695 faciunt,
2408 3604 2485 3679 in

414 3716 673 3793 eodem
718 3715 938 3811 plano
994 3726 1188 3791 sunt.
1293 3715 1660 3793 Praeterea
1703 3717 1765 3791 si
1803 3717 1999 3790 linea
2033 3742 2486 3815 quaecunque

413 3830 491 3903 iu
517 3828 739 3926 plano
777 3841 1182 3920 moveatur,
1221 3854 1474 3904 omnes
1507 3830 1746 3922 lineae,
1777 3855 1941 3928 quae
1988 3833 2081 3906 ab
2126 3832 2288 3930 ipsa
2323 3833 2488 3908 des-

416 3943 823 4032 cribuntur,
859 3943 944 4017 ¹in
981 3942 1240 4021 eodem
1272 3944 1492 4040 plano
1527 3956 1770 4027 erunt.
1875 3946 2312 4043 Superficies
2346 3972 2487 4025 cae-

415 4069 595 4131 terae
644 4079 809 4152 quae
863 4055 1103 4152 planae
1150 4081 1301 4133 non
1342 4070 1537 4149 sunt,
1589 4083 1835 4137 curvoe
1885 4059 2003 4139 vel
2030 4060 2287 4158 gibboe
2341 4061 2489 4136 dici

417 4171 680 4245 solent.

518 4282 709 4356 Sunt
750 4293 998 4361 autem
1039 4284 1590 4381 superficierum
1626 4287 1865 4383 planae
1900 4298 1977 4362 et
2011 4311 2255 4365 curvae
2290 4314 2487 4367 com-

2532 637 2706 693 PARS
2741 634 2815 688 11.

2638 705 2717 754 14.

2510 3056 2786 3122 Superficiei

2508 3123 2661 3186 plnum
2693 3121 2907 3170 definitio

2510 3198 2558 3236 et
2578 3188 2906 3252 proprietates.
