3182 5102
762 445 905 510 310
1239 458 1344 508 ΒΕ
1385 456 1894 509 RA'rlonns
1935 455 2323 507 mo'rmm.

432 629 601 679 PARS
627 628 729 679 1¹1·
765 647 908 719 quo
970 635 1078 695 est
1144 623 1294 695 IK.
1398 623 1583 697 Cum
1652 647 1827 720 ergo
1895 633 2222 718 tempore
2285 621 2352 693 A
2374 621 2459 709 Β,
2527 620 2652 715 qui
2711 632 2821 693 est

440 762 686 797 *w--f
767 736 1010 809 radius
1045 736 1318 825 circuli,
1354 748 1659 810 conatus
1690 746 2135 832 propagatur
2162 735 2238 807 in
2271 733 2510 806 medio
2545 733 2821 806 rariore

411 835 513 881 ⁰⁰¹¹
516 844 622 882 “¹¹⁸
664 834 724 882 ἰ’
677 874 896 958 toper
928 851 996 922 A
1018 850 1094 937 F,
1151 849 1409 922 eodem
1443 861 1796 945 tempore,
1824 848 1901 921 id
1934 859 2066 937 est,
2102 859 2429 943 tempore
2484 846 2602 918 BI
2654 870 2823 942 pro·

408 909 740 1026 ‘132‘131'3‘0-
762 962 1199 1058 pagabitur
1181 987 1256 1036 ιιι
1308 963 1547 1036 medio
1600 963 1936 1036 densiore
1971 982 2027 1034 a
2049 962 2117 1034 K
2163 961 2257 1034 ad
2292 961 2370 1043 1;
2424 960 2565 1033 erit
2596 959 2823 1056 igitur

765 1077 825 1149 Β
853 1077 887 1148 1
921 1084 1141 1149 rectae
1174 1077 1241 1149 A
1263 1076 1324 1148 B
1379 1076 1711 1149 refracta.
1813 1076 1943 1148 Est
1994 1085 2240 1147 autem
2274 1074 2308 1145 1
2338 1073 2406 1145 K
2442 1073 2641 1146 sinus
2690 1098 2821 1147 an-

761 1188 915 1284 guli
979 1188 1294 1277 refracti,
1364 1200 1437 1261 et
1502 1189 1569 1261 A
1590 1190 1648 1260 F
1712 1188 1910 1260 sinus
1983 1187 2230 1283 anguli
2310 1186 2820 1260 inclinationis.

764 1301 1131 1375 Quoniam
1165 1324 1340 1396 ergo
1388 1301 1514 1373 IK
1578 1312 1689 1374 est
1737 1300 1834 1372 ad
1866 1302 1934 1373 A
1960 1301 2067 1389 F,.
2095 1312 2178 1373 ut
2232 1299 2549 1372 densitas
2600 1300 2823 1373 medii

761 1414 839 1487 in
873 1438 1018 1511 quo
1053 1425 1164 1488 est
1195 1414 1351 1503 AF,
1387 1413 1482 1488 ad
1515 1414 1946 1487 densitatem
1980 1414 2201 1486 medii
2231 1414 2309 1485 in
2343 1437 2489 1510 quo
2523 1424 2635 1485 est
2669 1413 2821 1501 IK,

764 1529 905 1600 erit
936 1540 1019 1601 ut
1053 1528 1370 1601 densitas
1412 1528 1633 1601 medii
1683 1528 1761 1600 in
1796 1552 1939 1624 quo
1992 1539 2101 1600 est
2158 1528 2226 1599 A
2253 1529 2308 1600 F
2359 1526 2475 1599 vel
2528 1526 2586 1596 B
2611 1526 2670 1598 C
2727 1525 2824 1598 ad

764 1640 1197 1715 densitatem
1232 1642 1450 1715 medii
1507 1642 1582 1714 in
1638 1666 1782 1737 quo
1818 1654 1930 1714 est
1965 1642 1999 1713 1
2028 1643 2095 1713 K
2130 1641 2245 1713 vel
2282 1641 2342 1712 Β
2370 1640 2459 1728 D,
2496 1640 2602 1712 ita
2625 1640 2825 1711 sinus

765 1754 1010 1850 anguli
1044 1754 1341 1827 refracti
1377 1753 1472 1827 ad
1504 1755 1743 1827 sinum
1792 1753 2038 1850 anguli
2072 1754 2580 1827 inclinationis,
2683 1753 2825 1826 Ea-

765 1866 930 1940 dem
965 1868 1248 1941 ratione
1276 1868 1565 1941 ostendi
1605 1879 1872 1965 potest,
1911 1891 2069 1940 esse
2111 1878 2200 1939 ut
2251 1867 2568 1941 densitas
2601 1866 2823 1939 medii

764 1981 1057 2055 rarioris
1079 1982 1174 2054 ad
1194 1982 1628 2055 densitatem
1647 1982 1866 2055 medii
1890 1982 2268 2071 densioriS,
2290 1982 2397 2053 ita
2435 1981 2549 2053 KI
2585 1980 2825 2052 sinum

761 2094 1013 2190 anguli
1046 2094 1342 2167 refracti
1374 2095 1469 2167 ad
1502 2095 1569 2167 A
1593 2097 1648 2168 F
1681 2095 1921 2168 sinum
1955 2096 2204 2191 anguli
2240 2094 2757 2167 inclinationis.

864 2207 1222 2297 Secundo,
1252 2208 1345 2280 sit
1373 2232 1658 2304 corpuS,
1683 2208 1882 2304 quod
1900 2232 2191 2305 quaqua
2206 2200 2498 2280 'versum
2520 2218 2826 2280 conetur

763 2320 838 2392 in
872 2319 1112 2392 medio
1162 2319 1517 2409 densiore,
1567 2321 1665 2393 ad
1707 2321 1764 2393 1.
1869 2320 2244 2417 Siquidem
2277 2343 2452 2417 ergo
2503 2320 2823 2393 medium

761 2443 1153 2528 utrumque
1186 2432 1381 2508 idem
1414 2443 1627 2523 esset,
1658 2444 1959 2506 conatus
1988 2435 2143 2529 ejus
2175 2457 2307 2529 per
2342 2433 2376 2504 1
2402 2433 2462 2505 Β
2489 2433 2826 2507 tenderet

764 2558 967 2620 recta
997 2546 1091 2620 ad
1120 2547 1201 2636 L,
1232 2558 1561 2644 essetque
1587 2547 1785 2620 sinus
1819 2546 2067 2643 anguli
2101 2546 2588 2620 inclinationis
2633 2548 2693 2620 L
2714 2548 2821 2637 M,

766 2660 1063 2756 aequalis
1130 2661 1281 2750 IK,
1350 2661 1500 2734 sive
1570 2662 1631 2733 Β
1656 2661 1754 2735 Η.
1887 2660 2033 2734 Sed
2099 2661 2439 2756 quoniam
2507 2662 2825 2735 densitas

764 2773 983 2846 medii
1038 2773 1114 2845 in
1149 2798 1294 2869 quo
1329 2786 1439 2847 est
1495 2776 1646 2865 IK,
1702 2785 1812 2848 est
1865 2775 1960 2847 ad
1993 2776 2424 2848 densitatem
2476 2776 2696 2849 medii
2747 2777 2824 2849 in

764 2909 910 2980 quo
939 2898 1048 2959 est
1098 2888 1284 2976 LM,
1319 2900 1404 2960 ut
1467 2889 1527 2960 Β
1552 2889 1625 2960 H
1675 2888 1770 2961 ad
1815 2890 1875 2961 Β
1899 2888 1985 2979 G,
2029 2888 2107 2961 id
2142 2900 2272 2978 est,
2310 2890 2405 2962 ad
2435 2891 2502 2963 A
2524 2892 2601 2980 F,
2653 2915 2826 2987 pro-

758 2999 1148 3094 pagabitur
1195 3011 1496 3074 conatus
1547 3002 1779 3098 magis
1838 3003 1916 3074 in
1974 3001 2216 3074 medio
2275 3003 2401 3075 ubi
2463 3016 2573 3075 est
2634 3004 2694 3075 L
2715 3005 2821 3093 M,

766 3135 982 3207 quam
1016 3113 1091 3185 in
1129 3113 1368 3187 medio
1397 3115 1522 3187 ubi
1559 3127 1668 3188 est
1711 3116 1862 3204 IK,
1899 3116 1974 3188 in
2009 3105 2288 3188 ratione
2323 3115 2696 3190 densitatis
2728 3118 2825 3191 ad

766 3223 1219 3314 densitatem,
1255 3227 1332 3299 id
1366 3241 1500 3316 est,
1537 3228 1613 3300 in
1652 3228 1933 3301 ratione
1967 3228 2034 3300 A
2055 3229 2112 3299 F
2161 3227 2255 3300 ad
2298 3228 2379 3299 M
2401 3230 2482 3301 L.
2584 3229 2826 3303 Ducta

764 3361 938 3433 ergo
1000 3339 1060 3411 Β
1082 3339 1172 3428 A,
1223 3339 1363 3412 erit
1413 3341 1723 3437 angulus
1776 3340 2132 3414 refractus
2187 3341 2246 3414 C
2274 3341 2334 3412 B
2358 3343 2446 3432 A,
2493 3354 2566 3415 et
2624 3344 2825 3417 sinus

765 3451 920 3545 ejus
979 3451 1036 3522 A
1067 3452 1143 3522 F.
1246 3453 1378 3525 Est
1436 3464 1679 3525 autem
1742 3455 1802 3526 L
1829 3454 1910 3525 M
1965 3454 2162 3526 sinus
2220 3455 2467 3549 anguli
2518 3455 2824 3531 inclina-

764 3561 1006 3636 tionis.
1108 3565 1240 3636 Est
1274 3588 1448 3661 ergo
1482 3590 1731 3639 rursus
1765 3578 1850 3639 ut
1898 3567 2217 3640 densitas
2252 3568 2473 3640 medii
2515 3569 2612 3641 ad
2644 3569 2824 3642 den-

762 3675 1052 3748 sitatem
1111 3676 1330 3749 medii
1390 3678 1682 3765 diversi,
1735 3680 1839 3753 ita
1896 3680 2266 3775 reciproce
2322 3680 2520 3753 sinus
2573 3685 2820 3779 anguli

762 3788 1053 3861 refracti
1087 3789 1182 3861 ad
1214 3790 1452 3862 sinum
1485 3792 1731 3888 anguli
1775 3792 2286 3866 inclinationis.
2392 3793 2611 3868 Quod
2660 3810 2821 3869 erat

763 3899 1425 3975 demonstrandum.

862 4013 948 4084 In
998 4014 1135 4086 hac
1166 4015 1462 4110 quidem
1514 4016 2148 4106 demonstratione,
2183 4020 2651 4116 superficiem
2703 4046 2821 4093 se-

749 4127 1223 4222 paratricem
1276 4128 1336 4200 Β
1360 4128 1404 4201 b
1447 4129 1737 4225 planam
1773 4131 2347 4203 construximus:
2401 4155 2819 4228 quanquam

761 4249 1005 4311 autem
1031 4264 1351 4314 concava
1383 4253 1511 4314 aut
1545 4267 1868 4316 convexa
1901 4255 2109 4332 esset,
2158 4243 2531 4317 theorema
2562 4270 2819 4319 verum

763 4350 922 4423 erit.
1024 4353 1217 4425 Nam
1269 4378 1433 4426 eum
1477 4355 1818 4428 refractio
1851 4357 1980 4428 fiat
2026 4357 2101 4429 in
2155 4369 2430 4451 puncto
2467 4358 2528 4430 B
2563 4381 2818 4455 super-
