3182 5102
614 465 857 549 {xxxviii
1183 486 1353 530 vl'rAE
1385 485 1752 530 noeman&
1780 484 2196 530 Auci-Aluum.

616 652 966 717 studiorum
993 652 1255 738 asylum,
1297 666 1640 729 revocatuS,
1669 651 1950 716 animum
1982 652 2230 737 penitus
2257 650 2559 737 applicuit
2583 650 2789 716 absol-

617 787 839 853 vendae
895 788 1304 876 philosophiae
1362 788 1442 854 de
1498 811 1777 876 corpore,
1830 789 1898 853 in
1956 811 2084 876 qua
2140 788 2422 875 physices
2478 788 2790 853 elementa

619 939 1040 1010 exponuntur.
1129 925 1314 990 Illam
1344 925 1752 1012 philosophiae
1774 942 2019 1013 partem
2047 927 2315 1011 primam
2343 927 2554 992 animo
2582 926 2789 1012 desig-

622 1075 915 1138 naverat3
964 1060 1076 1125 sed
1115 1063 1199 1127 ob
1249 1060 1430 1127 civile
1470 1060 1708 1126 bellum
1757 1060 2262 1138 intervenientes,
2310 1060 2390 1125 de
2435 1066 2690 1147 imperii
2728 1073 2794 1129 et

622 1198 834 1265 debita
861 1201 1093 1262 civium
1121 1200 1492 1275 obedientia,
1525 1197 1921 1284 quastiones,
1953 1196 2250 1282 politices,
2282 1197 2475 1283 partis
2511 1196 2789 1284 alioquin

624 1329 884 1409 ultimae,
927 1332 1170 1395 caeteris
1212 1331 1438 1410 dilatis,
1482 1334 1657 1420 prius
1700 1332 2092 1398 maturandae
2132 1332 2677 1420 absolvendaeque,
2723 1332 2791 1396 in

623 1487 810 1530 causa
838 1464 1113 1531 fuerunt.

711 1601 1006 1667 Tandem
1033 1618 1245 1668 autem
1286 1602 1369 1669 ad
1414 1603 1781 1670 umbilicum
1823 1604 2163 1691 perductus
2195 1604 2356 1669 liber
2385 1607 2488 1669 De
2520 1604 2794 1688 Corpore

626 1738 859 1824 prodiit
902 1739 1132 1805 Latine
1188 1744 1372 1817 1655,
1405 1755 1471 1805 et
1517 1741 1806 1826 proximo
1856 1763 2024 1807 anno
2056 1739 2425 1816 -vernacule,
2476 1760 2605 1802 una
2646 1759 2792 1802 cum

625 1896 735 1939 sex
767 1874 1172 1942 Lectionibus
1200 1876 1282 1941 ad
1310 1877 1684 1962 professores
1715 1876 2171 1941 mathematicae
2206 1874 2571 1940 SavilianoS.

713 2009 834 2075 Illo
879 2025 1159 2097 tempore
1200 2011 1574 2076 clarissimus
1622 2012 1931 2077 Wallisius
1975 2013 2040 2076 in
2084 2011 2404 2077 academia
2444 2008 2792 2075 Oxoniensi

626 2145 987 2232 geometriae
1045 2145 1352 2233 professor
1414 2146 1784 2225 savilianus,
1844 2147 2014 2212 edito
2082 2151 2365 2215 Elem-ho
2428 2151 2797 2214 Gemnetriae

629 2282 1002 2358 Hobbianoe,
1033 2281 1319 2346 diuturni
1348 2281 1512 2346 illius
1555 2281 1706 2347 belli
1749 2282 2171 2347 mathematici
2197 2281 2521 2347 classicum
2547 2280 2791 2356 cecinit,

631 2415 804 2502 quod
846 2416 1149 2481 acerrimo
1199 2416 1434 2493 Marte,
1481 2416 1778 2483 adhibitis
1827 2417 2070 2505 quadra
2111 2431 2177 2482 et
2218 2417 2471 2494 circino,
2520 2417 2793 2480 intervo-

628 2551 904 2618 lantibus
946 2576 1401 2641 nonnunquam
1444 2555 1811 2620 acutissimis
1853 2555 2267 2620 convitiorum
2312 2553 2468 2632 telis,
2502 2553 2797 2639 utrinque

629 2703 895 2773 gestum,
947 2690 1303 2755 vicennium
1351 2704 1416 2755 et
1466 2690 1733 2778 amplius
1790 2691 2170 2777 perduravit,
2218 2713 2334 2755 nec
2377 2690 2495 2754 nisi
2541 2689 2794 2754 tandem

637 2824 978 2891 Hobbiana
1006 2841 1207 2891 morte
1233 2827 1610 2914 conquievit.

720 2963 907 3028 Circa
956 2961 1121 3027 idem
1184 2980 1427 3050 tempus
1481 2963 1777 3029 Hobbius
1832 2985 1979 3028 cum
2035 2962 2134 3028 Jo.
2200 2962 2581 3041 Bramhallo,
2643 2978 2795 3028 tunc

632 3099 921 3185 episcopo
956 3099 1302 3177 Derriensi,
1334 3113 1549 3186 postea
1579 3099 2068 3185 Archiepiscopo
2100 3099 2476 3177 ArmacanO,
2509 3114 2575 3164 et
2606 3101 2797 3165 totius

637 3232 967 3299 Hiberniae
990 3236 1287 3313 Primate,
1312 3252 1628 3301 certamen
1646 3237 1929 3302 exercuit
1943 3236 2310 3313 literarium,
2335 3241 2442 3302 De
2468 3240 2798 3303 Libertate

634 3379 696 3435 et
740 3374 1131 3438 Necessitate
1177 3374 1498 3438 actionum
1547 3373 2004 3450 humanarum3
2047 3371 2244 3438 libelli
2295 3373 2595 3460 utrinque
2645 3396 2796 3438 con-

635 3504 849 3590 scripti
877 3522 1025 3572 sunt
1053 3509 1226 3588 varii,
1258 3508 1338 3574 de
1368 3510 1597 3597 quibus
1626 3509 1778 3575 alibi
1806 3509 2068 3596 pleniuS.

723 3638 915 3706 Anno
951 3647 1134 3720 1658,
1166 3644 1233 3707 in
1272 3644 1478 3709 lucem
1506 3646 1765 3711 emissus
1794 3660 1888 3710 est
1915 3646 2076 3712 liber
2102 3651 2207 3712 De
2236 3649 2533 3723 Homine,
2564 3647 2674 3734 qui
2703 3660 2799 3710 est

632 3773 1041 3864 philosophiae
1069 3780 1203 3864 ejus
1232 3803 1376 3866 pars
1393 3781 1686 3860 secunda,
1719 3805 1865 3876 quse
1882 3783 2049 3848 circa
2069 3782 2393 3847 facultates
2410 3782 2799 3868 affectusque

635 3909 962 3988 humanoS,
1010 3914 1542 4001 imaginationem,
1589 3918 1975 3997 memoriam,
2017 3918 2424 3996 intellectum,
2467 3917 2798 3983 ratiocina-

637 4046 890 4125 tionem,
944 4050 1312 4135 appetitum,
1362 4051 1771 4132 voluntatem,
1823 4054 2086 4131 bonum,
2133 4052 2388 4130 malum,
2439 4052 2796 4130 honestum,

637 4196 840 4269 turpe,
871 4184 1115 4272 aliaque
1144 4188 1278 4272 ejus
1305 4189 1553 4274 generis
1587 4204 1948 4276 occupatur.

725 4317 917 4384 Anno
939 4319 1046 4385 illo
1068 4322 1339 4388 mirabili
1367 4327 1551 4401 1660,
1579 4325 1840 4391 Summo
1868 4287 2147 4391 Numine
2179 4324 2564 4390 Britannicae
2591 4324 2797 4411 gentis

637 4455 978 4522 infortunia
1007 4458 1359 4537 miserante,
1391 4459 1665 4547 depulsis
1695 4461 2108 4528 rebellionum
2138 4461 2332 4540 furiis,
2375 4477 2439 4528 et
2465 4461 2797 4549 profligata
