3182 5102
729 479 868 543 314
1231 492 1338 544 nn
1378 492 1889 544 RA'rmmsz
1928 490 2314 543 Mo'rmm.

339 667 507 715 PARS
543 667 629 717 111
725 658 1144 733 incidentiae
1167 672 1243 732 et
1276 659 1718 731 reflectionis
1744 658 1803 730 C
1829 669 1981 730 tam
2017 681 2283 746 curvae,
2317 680 2479 752 quae
2512 668 2793 729 rectam

360 735 643 839 *ἐξ-κ
729 772 793 844 D
816 773 879 847 G
912 774 1153 869 tangit
1185 774 1261 846 in
1298 773 1380 863 C,
1417 798 1637 870 quam
1670 772 1896 868 ipsius
1930 770 1997 842 D
2020 771 2083 844 G
2109 795 2493 843 commune
2528 771 2689 842 erit.

336 899 473 947 mem
512 902 696 950 coutin-
823 895 894 958 9.
949 887 1172 961 Quod
1204 888 1264 959 si
1292 887 1368 959 in
1401 897 1680 982 puncto
1714 886 1782 957 A
1813 909 1965 957 non
1998 908 2488 981 supponamus
2521 885 2791 958 mobile

335 964 407 1025 git
427 965 476 1041 in
496 974 657 1041 motus

331 1044 417 1091 per
435 1031 648 1079 moden-
725 999 1044 1094 aliquod,
1080 999 1211 1073 sed
1245 1011 1590 1073 conatum
1624 999 1939 1094 aliquem
1970 1010 2454 1095 propagatum
2486 999 2579 1071 ab
2600 999 2670 1070 A
2696 999 2792 1072 ad

331 1102 646 1208 {fgssgfflm
728 1112 811 1201 C,
837 1113 1362 1186 demonstratio
1404 1125 1652 1186 tamen
1685 1112 1940 1185 eadem
1971 1112 2131 1184 erit.
2236 1112 2557 1185 Conatus
2594 1115 2790 1186 enim

729 1226 963 1299 omnis
997 1240 1106 1300 est
1137 1240 1405 1316 motuS,
1443 1239 1517 1300 et
1547 1226 1815 1323 premit
1862 1237 2146 1322 partem
2180 1226 2538 1300 obstantis
2573 1228 2789 1301 solidi

723 1340 800 1411 in
829 1341 910 1429 O,
945 1340 1052 1413 ita
1084 1352 1169 1414 ut
1210 1351 1512 1412 conatus
1550 1339 1903 1436 procedat
1935 1350 2103 1435 post
2135 1339 2605 1414 incidentiam
2652 1367 2789 1438 per

723 1453 838 1526 CI
869 1486 887 1537 ;
940 1454 1184 1549 itaque
1219 1465 1294 1527 et
1326 1453 1604 1526 reactio
1655 1452 2001 1549 procedet
2032 1476 2165 1548 per
2200 1453 2259 1525 C
2287 1454 2359 1525 H
2391 1485 2409 1537 ;
2463 1465 2537 1526 et
2568 1479 2790 1550 gene-

720 1567 1024 1655 rabitur,
1061 1592 1106 1640 a
1139 1579 1410 1640 conatu
1441 1591 1573 1663 per
1611 1566 1670 1639 C
1693 1567 1765 1638 H
1795 1576 2275 1639 concurrente
2311 1591 2478 1640 cum
2514 1582 2786 1642 conatu

717 1704 850 1776 per
910 1682 1082 1770 HE,
1152 1692 1456 1753 conatus
1520 1703 1654 1776 per
1711 1679 1770 1752 C
1795 1680 1880 1767 E,
1947 1690 2031 1751 ut
2095 1679 2173 1751 in
2241 1681 2784 1776 repercussione

719 1818 1109 1890 corporum
1140 1806 1534 1866 motorum.

818 1908 1074 2004 Itaque
1125 1909 1187 1980 si
1220 1918 1525 1980 conatus
1559 1931 1606 1979 a
1636 1916 1911 2003 puncto
1965 1906 2290 2001 quolibet
2338 1921 2781 2005 propagetur

716 2022 812 2094 ad
857 2044 1254 2093 concavam
1295 2020 1750 2115 superficiem
1805 2019 2130 2115 corporis
2175 2021 2526 2116 sphaerice
2567 2048 2779 2096 exca-

713 2135 887 2223 vati,
920 2135 1116 2207 linea
1147 2134 1419 2206 reflexa
1439 2132 1659 2205 faciet
1679 2156 1846 2203 cum
1874 2133 2460 2208 circumferentia
2482 2138 2778 2210 maximi

713 2249 790 2320 in
812 2248 1095 2344 sphaera
1127 2247 1379 2320 circuli
1407 2247 1757 2342 angulum
1783 2246 2052 2341 angulo
2083 2245 2777 2348 incidentiaegaequa-

713 2363 903 2445 lem;
958 2362 1021 2434 si
1071 2362 1264 2433 enim
1315 2361 1422 2453 (in
1454 2360 1579 2455 fig.
1617 2360 1696 2453 6)
1737 2371 2040 2433 conatus
2088 2375 2533 2458 propagetur
2580 2365 2673 2436 ab
2708 2365 2778 2436 A

711 2477 809 2549 ad
842 2475 1499 2548 circumferentiam
1524 2475 1601 2545 in
1625 2474 1709 2563 B,
1740 2472 1979 2570 sitque
2006 2473 2064 2546 C
2092 2475 2394 2571 sphaerae
2417 2490 2773 2569 centrum,

710 2602 786 2664 et
819 2591 1041 2663 ducta
1074 2590 1169 2661 sit
1205 2590 1264 2662 O
1290 2588 1346 2659 Β
1383 2600 1836 2683 tangensque
1872 2588 1938 2660 D
1962 2588 2022 2659 Β
2048 2589 2133 2677 Ε,
2170 2602 2246 2661 et
2277 2591 2409 2662 fiat
2461 2591 2775 2689 denique

708 2703 1018 2800 angulus
1070 2705 1126 2775 F
1147 2703 1207 2774 B
1230 2702 1297 2774 D
1332 2701 1603 2797 angulo
1639 2702 1707 2773 A
1736 2702 1796 2773 B
1819 2701 1881 2773 E
1932 2703 2253 2797 aequalis‚
2288 2706 2418 2777 fiet
2451 2707 2772 2780 reflectio

706 2841 839 2913 per
875 2817 935 2889 Β
958 2816 1015 2888 F
1038 2828 1122 2889 ut
1149 2815 1368 2888 modo
1398 2827 1770 2887 ostensum
1804 2827 1913 2887 est
1937 2847 1955 2899 ;
2009 2840 2232 2911 quare
2253 2819 2498 2915 anguli
2528 2821 2770 2910 etiam,

709 2955 894 3027 quos
943 2955 1112 3003 cum
1166 2929 1752 3002 circumferentia
1800 2929 2079 3002 faciunt
2126 2943 2345 3005 rectae
2380 2932 2445 3004 A
2478 2933 2562 3021 B,
2600 2935 2655 3006 F
2684 2934 2769 3024 B,

709 3044 1022 3139 aequales
1057 3052 1292 3115 erunt.

807 3155 1233 3230 Notandum
1268 3167 1512 3227 autem
1547 3168 1679 3245 est,
1718 3156 1914 3251 quod
1937 3156 2295 3252 producta
2329 3158 2388 3231 C
2416 3160 2476 3232 Β
2510 3174 2770 3234 utcun-

709 3294 851 3367 que
898 3270 973 3342 in
1031 3269 1117 3360 G,
1154 3279 1458 3342 conatus
1508 3269 1585 3340 in
1633 3267 1696 3341 G
1727 3270 1787 3341 B
1815 3268 1874 3341 C
1927 3293 1973 3341 a
2018 3270 2172 3343 sola
2238 3285 2350 3345 est
2400 3276 2770 3349 reactione

704 3382 1284 3480 perpendiculari
1317 3382 1392 3453 in
1443 3384 1508 3455 G
1531 3382 1635 3466 B;
1708 3394 1783 3455 et
1829 3395 2216 3479 propterea
2263 3386 2340 3458 in
2372 3401 2645 3483 puncto
2684 3391 2768 3478 B,

707 3497 986 3568 nullum
1020 3496 1242 3568 alium
1270 3496 1569 3569 omnino
1606 3507 1948 3568 conatum
1982 3520 2135 3569 esse
2170 3498 2265 3570 ad
2296 3513 2543 3595 partes
2576 3504 2771 3576 intra

704 3610 1087 3705 sphaeram,
1120 3620 1607 3704 praeterquam
1634 3609 1758 3704 qui
1779 3620 1888 3681 est
1911 3634 2043 3706 per
2076 3612 2378 3708 sphaerae
2412 3628 2765 3691 centrum.

802 3725 897 3796 Et
945 3732 1300 3795 tractatus
1350 3722 1564 3817 hujus
1614 3722 1806 3817 parti
1858 3723 2149 3817 quidem
2199 3725 2457 3816 tertiae,
2500 3728 2576 3800 in
2624 3755 2768 3826 qua

704 3849 983 3910 motum
1004 3848 1076 3908 et
1101 3835 1682 3930 magnitudinem
1702 3859 1833 3931 per
1853 3859 1930 3907 se
1951 3849 2026 3908 et
2045 3837 2408 3912 abstracte
2436 3844 2764 3916 conside-

701 3950 1042 4038 ravimuS‚
1067 3949 1460 4022 terminum
1477 3948 1598 4020 hic
1621 3959 1881 4020 statuo.
1955 3949 2299 4045 Sequitur
2316 3977 2484 4048 pars
2506 3970 2767 4051 quarta

703 4075 778 4137 et
825 4064 1083 4137 ultima
1117 4062 1206 4134 de
1247 4061 1748 4134 Phaenomenis
1800 4062 2130 4151 Naturae,
2165 4065 2242 4137 id
2275 4080 2386 4139 est
2419 4068 2510 4141 de
2559 4085 2763 4144 motu

702 4190 776 4251 et
829 4175 1326 4273 magnitudine
1372 4199 1757 4271 corporum
1816 4177 2349 4253 mundanorum
2396 4183 2546 4256 sive
2600 4209 2762 4280 quae

699 4315 779 4363 re
813 4292 972 4388 ipsa
1005 4290 1349 4362 existunt.
