3182 5102
343 674 525 751 mas
550 684 592 734 1.

451 753 494 799 l.

373 893 592 961 mutu,-

697 458 741 541 8
1164 492 1701 545 COMPUTATIO
1743 494 1931 544 swa·
1972 494 2295 546 LofflcA.

698 696 1006 769 quaeque
1040 674 1631 747 manifestissime
1683 674 1870 747 falsa
1902 687 2125 772 atque
2161 675 2480 749 absurda
2524 686 2766 764 erant,

698 787 1140 883 persuadere
1159 798 1587 883 potuerunt,
1611 788 1851 861 officia
1871 813 2004 861 sua
2030 788 2266 862 eidem
2288 787 2767 878 multitudini,

702 899 764 972 si
799 925 886 973 ea
915 900 1058 996 ipsi
1095 901 1615 996 cognovissent
1647 901 2091 998 persuadere
2126 926 2276 975 non
2298 913 2709 997 potuerunt
2740 901 2768 973 ἓ

693 1014 817 1086 «vel
849 1037 1086 1109 pauca
1117 1013 1244 1085 illa
1276 1038 1441 1109 quae
1475 1026 1729 1088 extant
1764 1025 2308 1110 geometrarum
2342 1014 2639 1110 scripta,
2676 1013 2774 1086 ad

695 1127 1280 1201 controversiam
1329 1151 1623 1200 omnem
1674 1128 1752 1200 in
1792 1128 1890 1201 -iis
1944 1129 2162 1201 rebus
2218 1151 2398 1224 quas
2445 1138 2773 1200 tractant

701 1240 1105 1315 tollendam
1186 1240 1579 1325 valebunt;
1659 1240 2047 1314 innumera
2100 1241 2231 1314 illa
2297 1252 2376 1313 et
2438 1240 2774 1336 ingentia

699 1354 1079 1428 volumina
1124 1354 1565 1444 ethicorum,
1614 1355 1676 1427 si
1711 1367 1916 1428 certa
1948 1366 2025 1427 et
2060 1355 2565 1428 demonstrata
2594 1379 2774 1427 con-

699 1468 1033 1541 tinerent
1073 1468 1203 1540 nil·
1232 1466 1632 1541 valebunt?
1737 1467 1935 1541 Quid
1990 1467 2304 1563 denique
2355 1491 2596 1541 causae
2644 1490 2774 1539 ex-

701 1581 1020 1677 cogitari
1085 1592 1356 1676 potest,
1435 1604 1566 1653 cur
1629 1580 1905 1675 scripta
1972 1579 2264 1653 illorum
2346 1580 2773 1668 scientifica,

699 1694 996 1782 horum,
1031 1704 1116 1765 ut
1170 1695 1278 1766 ita
1333 1691 1602 1781 dicam,
1657 1693 2008 1765 verbifica
2060 1705 2351 1766 tantum
2407 1693 2579 1783 sint,
2635 1692 2779 1765 nisi

712 1808 910 1905 quod
945 1808 1070 1880 illa
1097 1824 1148 1879 'a
1168 1807 1591 1895 scientibuS,
1618 1806 1782 1879 haec
1810 1807 1903 1879 ab
1926 1806 2343 1880 hominibus
2362 1807 2775 1880 doctrinam

712 1946 932 2018 quam
952 1931 1278 1994 tractant
1308 1919 1845 2016 ignorantibuS,
1875 1920 2340 2016 eloquentiae,
2364 1920 2481 1994 vel
2499 1919 2781 2016 ingenii

705 2035 825 2106 sui
888 2033 1308 2107 ostentandi
1377 2055 1599 2105 causa
1662 2032 2099 2128 prodierunt
2130 2030 2155 2103 P
2260 2032 2460 2107 Quin
2530 2044 2777 2105 tamen

707 2147 971 2220 talium
1003 2147 1357 2220 librorum
1393 2146 1807 2241 aliquorum
1839 2145 2061 2218 lectio
2088 2145 2625 2240 jucundissima
2658 2145 2776 2234 sit,

716 2284 865 2333 non
889 2259 1353 2355 negaverim:
1408 2269 1583 2330 sunt
1618 2258 1813 2329 enim
1848 2258 2449 2353 eloquentissimi,
2487 2269 2781 2331 senten-

714 2374 1000 2469 tiasque
1063 2372 1330 2445 multas
1382 2371 1771 2444 continent
1825 2370 2236 2444 luculentas
2288 2384 2368 2445 et
2428 2372 2779 2458 salubres,

710 2487 1155 2582 minimeque
1192 2485 1554 2581 vulgareS,
1614 2483 1743 2557 sed
1779 2508 1941 2580 quae
1978 2485 2476 2580 pronuntiatae
2510 2485 2604 2558 ab
2640 2485 2781 2558 illis

713 2600 1244 2688 universaliter,
1305 2622 1455 2672 non
1509 2610 1758 2671 tamen
1791 2598 2223 2694 plerumque
2270 2599 2783 2672 universaliter

716 2737 906 2787 verae
930 2724 1143 2796 sunt;
1177 2712 1376 2784 unde
1404 2713 1491 2783 fit
1510 2722 1596 2783 ut
1623 2710 1925 2783 mutatis
1958 2721 2397 2807 temporum,
2427 2712 2781 2801 1060111111,

715 2850 1194 2924 personarum
1224 2823 1795 2897 circumstantiis
1831 2848 1980 2896 non
2015 2825 2257 2897 minus
2294 2849 2484 2921 saepe
2505 2825 2600 2899 ad
2628 2850 2783 2899 sce-

715 2941 1115 3013 leratorum
1169 2936 1640 3010 consiliorum
1692 2937 2354 3027 confirmationem,
2419 2962 2641 3034 quam
2690 2937 2784 3011 ad

714 3063 1085 3148 praecepta
1185 3049 1588 3123 officiorum
1699 3048 2173 3144 percipienda
2273 3050 2782 3124 adhibeantur.

715 3166 942 3241 Quod
1021 3175 1268 3237 autem
1346 3164 1662 3236 maxime
1742 3161 1817 3234 in
1899 3162 2039 3235 illis
2117 3163 2597 3254 desideratur,
2673 3176 2785 3236 est

719 3279 973 3375 regula
1039 3277 1414 3351 actionum
1469 3287 1675 3348 certa
1738 3275 1936 3347 unde
1992 3275 2162 3348 sciri
2221 3277 2457 3372 possit
2504 3278 2783 3373 justum

718 3417 812 3465 an
867 3393 1222 3487 injustum
1269 3390 1366 3463 sit
1413 3388 1617 3485 quod
1667 3388 1935 3462 facturi
1972 3412 2244 3462 sumus.
2333 3391 2556 3465 Quod
2590 3391 2786 3464 enim

711 3506 794 3578 in
821 3527 1260 3603 unaquaque
1286 3527 1366 3574 re
1372 3501 1661 3597 facere
1675 3500 1946 3595 jubent
1974 3502 2061 3573 id
2083 3502 2287 3599 quod
2321 3514 2600 3576 rectum
2629 3513 2784 3588 θείς

709 3629 1113 3713 antequam
1164 3614 1352 3688 recti
1418 3614 1675 3710 regula
1736 3613 1983 3709 aliqua
2044 3626 2124 3686 et
2183 3638 2529 3689 mensura
2583 3629 2789 3689 certa

718 3729 1126 3802 constituta
1145 3727 1241 3800 sit
1271 3727 1526 3823 (quam
1549 3727 1909 3800 hactenus
1931 3749 2147 3801 nemo
2172 3728 2589 3822 constituit)
2625 3728 2787 3800 inu-

711 3842 847 3914 -tile
883 3852 1016 3913 est.
1119 3840 1490 3913 Quoniam
1508 3839 1738 3935 igitur
1758 3838 2188 3929 officiorum,
2223 3840 2304 3913 id
2331 3854 2465 3929 est,
2488 3839 2786 3914 moralis

720 3953 1044 4026 scientiae
1128 3951 1669 4047 ignorationem
1751 3951 1943 4023 bella
2006 3952 2247 4025 civilia
2329 3964 2551 4049 atque
2613 3953 2786 4026 inde

711 4066 1173 4141 calamitates
1225 4064 1559 4136 maximae
1615 4078 2189 4160 consequuntur,
2249 4066 2576 4161 ejusdem
2611 4090 2785 4162 cog.-

710 4179 1008 4267 ·nitioni,
1031 4177 1418 4252 commoda
1441 4177 1557 4250 his
1585 4178 1958 4251 contraria
1981 4178 2246 4252 merito
2275 4179 2783 4254 attribuemus.

709 4293 1068 4384 ‘Uidemus
1101 4292 1351 4388 itaque
1383 4290 1744 4380 universae
1786 4291 2267 4387 philosophiae
2307 4291 2423 4386 (ut
2468 4294 2784 4398 laudem,
