<?xml version="1.0" encoding="UTF-8"?>
<!DOCTYPE html PUBLIC "-//W3C//DTD XHTML 1.0 Transitional//EN"
    "http://www.w3.org/TR/xhtml1/DTD/xhtml1-transitional.dtd">
<html xmlns="http://www.w3.org/1999/xhtml" xml:lang="en" lang="en">
 <head>
  <title>
</title>
<meta http-equiv="Content-Type" content="text/html;charset=utf-8" />
  <meta name='ocr-system' content='tesseract 3.04.00' />
  <meta name='ocr-capabilities' content='ocr_page ocr_carea ocr_par ocr_line ocrx_word'/>
</head>
<body>
  <div class='ocr_page' id='page_1' title='image "./thomhobbesmalme03molegoog_0351.png"; bbox 0 0 3182 5102; ppageno 0'>
   <div class='ocr_carea' id='block_1_1' title="bbox 1219 477 2450 554">
    <p class='ocr_par' dir='ltr' id='par_1_1' title="bbox 1219 477 2450 554">
     <span class='ocr_line' id='line_1_1' title="bbox 1219 477 2450 554; baseline 0.001 -11"><span class='ocrx_word' id='word_1_1' title='bbox 1219 495 1324 543; x_wconf 84' lang='lat' dir='ltr'><strong>DE</strong></span> <span class='ocrx_word' id='word_1_2' title='bbox 1367 494 1622 545; x_wconf 75' lang='lat' dir='ltr'><strong>Mo&#39;ru.</strong></span> <span class='ocrx_word' id='word_1_3' title='bbox 2318 477 2450 554; x_wconf 87' lang='lat'><strong>197</strong></span> 
     </span>
    </p>
   </div>
   <div class='ocr_carea' id='block_1_2' title="bbox 371 657 2821 4487">
    <p class='ocr_par' dir='ltr' id='par_1_2' title="bbox 372 657 2812 1317">
     <span class='ocr_line' id='line_1_2' title="bbox 374 657 2812 756; baseline 0 -25"><span class='ocrx_word' id='word_1_4' title='bbox 374 659 443 731; x_wconf 93' lang='lat' dir='ltr'><strong>A</strong></span> <span class='ocrx_word' id='word_1_5' title='bbox 474 658 534 732; x_wconf 91' lang='lat' dir='ltr'>C</span> <span class='ocrx_word' id='word_1_6' title='bbox 569 657 663 731; x_wconf 86' lang='lat' dir='ltr'><strong>ad</strong></span> <span class='ocrx_word' id='word_1_7' title='bbox 700 670 990 754; x_wconf 84' lang='lat' dir='ltr'><strong>tempus</strong></span> <span class='ocrx_word' id='word_1_8' title='bbox 1024 659 1091 730; x_wconf 91' lang='lat' dir='ltr'>A</span> <span class='ocrx_word' id='word_1_9' title='bbox 1123 660 1242 743; x_wconf 89' lang='grc' dir='ltr'><strong>Η,</strong></span> <span class='ocrx_word' id='word_1_10' title='bbox 1298 660 1591 756; x_wconf 89' lang='lat' dir='ltr'><strong>quando</strong></span> <span class='ocrx_word' id='word_1_11' title='bbox 1629 660 1696 731; x_wconf 87' lang='lat' dir='ltr'>A</span> <span class='ocrx_word' id='word_1_12' title='bbox 1727 659 1784 731; x_wconf 89' lang='lat' dir='ltr'>C</span> <span class='ocrx_word' id='word_1_13' title='bbox 1832 671 1946 731; x_wconf 90' lang='lat' dir='ltr'><strong>est</strong></span> <span class='ocrx_word' id='word_1_14' title='bbox 1985 659 2061 731; x_wconf 92' lang='lat' dir='ltr'><strong>in</strong></span> <span class='ocrx_word' id='word_1_15' title='bbox 2097 659 2157 730; x_wconf 92' lang='lat' dir='ltr'><strong>E</strong></span> <span class='ocrx_word' id='word_1_16' title='bbox 2195 658 2272 747; x_wconf 88' lang='lat' dir='ltr'><strong>F,</strong></span> <span class='ocrx_word' id='word_1_17' title='bbox 2310 660 2451 732; x_wconf 90' lang='lat' dir='ltr'><strong>erit</strong></span> <span class='ocrx_word' id='word_1_18' title='bbox 2502 696 2673 745; x_wconf 65' lang='lat' dir='ltr'><strong>pffls</strong></span> <span class='ocrx_word' id='word_1_19' title='bbox 2711 698 2812 747; x_wconf 84' lang='lat'><strong>111</strong></span> 
     </span>
     <span class='ocr_line' id='line_1_3' title="bbox 374 764 2766 870; baseline 0.002 -27"><span class='ocrx_word' id='word_1_20' title='bbox 374 773 442 844; x_wconf 90' lang='lat' dir='ltr'>A</span> <span class='ocrx_word' id='word_1_21' title='bbox 491 773 555 844; x_wconf 92' lang='lat' dir='ltr'><strong>B</strong></span> <span class='ocrx_word' id='word_1_22' title='bbox 616 771 695 843; x_wconf 91' lang='lat' dir='ltr'><strong>in</strong></span> <span class='ocrx_word' id='word_1_23' title='bbox 751 772 822 843; x_wconf 92' lang='lat' dir='ltr'>H</span> <span class='ocrx_word' id='word_1_24' title='bbox 876 773 962 855; x_wconf 90' lang='lat' dir='ltr'><strong>I;</strong></span> <span class='ocrx_word' id='word_1_25' title='bbox 1025 772 1339 870; x_wconf 92' lang='lat' dir='ltr'><strong>ideoque</strong></span> <span class='ocrx_word' id='word_1_26' title='bbox 1393 775 1664 848; x_wconf 86' lang='lat' dir='ltr'>mobile</span> <span class='ocrx_word' id='word_1_27' title='bbox 1728 774 1871 847; x_wconf 91' lang='lat' dir='ltr'><strong>erit</strong></span> <span class='ocrx_word' id='word_1_28' title='bbox 1937 774 2012 846; x_wconf 91' lang='lat' dir='ltr'><strong>in</strong></span> <span class='ocrx_word' id='word_1_29' title='bbox 2076 776 2449 847; x_wconf 91' lang='lat' dir='ltr'><strong>communi</strong></span> <span class='ocrx_word' id='word_1_30' title='bbox 2520 764 2766 867; x_wconf 31' lang='grc' dir='ltr'><strong>,ὴὲ-κ</strong></span> 
     </span>
     <span class='ocr_line' id='line_1_4' title="bbox 372 885 2821 982; baseline 0.001 -25"><span class='ocrx_word' id='word_1_31' title='bbox 372 897 656 982; x_wconf 89' lang='lat' dir='ltr'><strong>puncto</strong></span> <span class='ocrx_word' id='word_1_32' title='bbox 725 885 810 958; x_wconf 91' lang='lat' dir='ltr'><strong>G.</strong></span> <span class='ocrx_word' id='word_1_33' title='bbox 944 886 1297 960; x_wconf 74' lang='lat' dir='ltr'><strong>Similiter</strong></span> <span class='ocrx_word' id='word_1_34' title='bbox 1357 889 1670 978; x_wconf 88' lang='lat' dir='ltr'><strong>accidet,</strong></span> <span class='ocrx_word' id='word_1_35' title='bbox 1731 887 2154 981; x_wconf 92' lang='lat' dir='ltr'><strong>ubicunque</strong></span> <span class='ocrx_word' id='word_1_36' title='bbox 2227 887 2451 960; x_wconf 89' lang='lat' dir='ltr'><strong>fuerit</strong></span> <span class='ocrx_word' id='word_1_37' title='bbox 2474 900 2523 946; x_wconf 78' lang='lat' dir='ltr'><strong>Si</strong></span> <span class='ocrx_word' id='word_1_38' title='bbox 2510 916 2626 949; x_wconf 68' lang='lat' dir='ltr'><strong>tom</strong></span> <span class='ocrx_word' id='word_1_39' title='bbox 2629 904 2723 951; x_wconf 72' lang='lat' dir='ltr'><strong>bie!</strong></span> <span class='ocrx_word' id='word_1_40' title='bbox 2746 906 2821 952; x_wconf 81' lang='lat' dir='ltr'><strong>fer</strong></span> 
     </span>
     <span class='ocr_line' id='line_1_5' title="bbox 373 967 2808 1095; baseline 0.002 -26"><span class='ocrx_word' id='word_1_41' title='bbox 373 1009 735 1094; x_wconf 90' lang='lat' dir='ltr'><strong>punctum</strong></span> <span class='ocrx_word' id='word_1_42' title='bbox 787 998 847 1069; x_wconf 92' lang='lat' dir='ltr'><strong>E</strong></span> <span class='ocrx_word' id='word_1_43' title='bbox 904 1011 1276 1095; x_wconf 90' lang='lat' dir='ltr'><strong>sumptum</strong></span> <span class='ocrx_word' id='word_1_44' title='bbox 1337 1000 1534 1073; x_wconf 90' lang='lat' dir='ltr'><strong>inter</strong></span> <span class='ocrx_word' id='word_1_45' title='bbox 1583 1001 1651 1072; x_wconf 90' lang='lat' dir='ltr'>A</span> <span class='ocrx_word' id='word_1_46' title='bbox 1689 1012 1765 1072; x_wconf 89' lang='lat' dir='ltr'><strong>et</strong></span> <span class='ocrx_word' id='word_1_47' title='bbox 1803 999 1885 1071; x_wconf 92' lang='lat' dir='ltr'><strong>B.</strong></span> <span class='ocrx_word' id='word_1_48' title='bbox 1989 1000 2086 1071; x_wconf 88' lang='lat' dir='ltr'><strong>Et</strong></span> <span class='ocrx_word' id='word_1_49' title='bbox 2138 975 2602 1095; x_wconf 53' lang='lat' dir='ltr'><strong>proinde‘ffi</strong></span> <span class='ocrx_word' id='word_1_50' title='bbox 2575 924 2871 1094; x_wconf 44' lang='lat' dir='ltr'><strong>²¹:133OEss</strong></span> 
     </span>
     <span class='ocr_line' id='line_1_6' title="bbox 374 1109 2447 1209; baseline 0.002 -28"><span class='ocrx_word' id='word_1_51' title='bbox 374 1109 646 1182; x_wconf 88' lang='lat' dir='ltr'>mobile</span> <span class='ocrx_word' id='word_1_52' title='bbox 702 1109 1118 1184; x_wconf 87' lang='lat' dir='ltr'><strong>invenietur</strong></span> <span class='ocrx_word' id='word_1_53' title='bbox 1179 1135 1467 1208; x_wconf 83' lang='lat' dir='ltr'><strong>semper</strong></span> <span class='ocrx_word' id='word_1_54' title='bbox 1528 1113 1606 1185; x_wconf 90' lang='lat' dir='ltr'><strong>in</strong></span> <span class='ocrx_word' id='word_1_55' title='bbox 1657 1112 2075 1209; x_wconf 82' lang='lat' dir='ltr'>parabolica</span> <span class='ocrx_word' id='word_1_56' title='bbox 2129 1112 2196 1184; x_wconf 94' lang='lat' dir='ltr'>A</span> <span class='ocrx_word' id='word_1_57' title='bbox 2232 1113 2295 1186; x_wconf 92' lang='lat' dir='ltr'>G</span> <span class='ocrx_word' id='word_1_58' title='bbox 2337 1114 2447 1197; x_wconf 94' lang='lat' dir='ltr'><strong>D;</strong></span> 
     </span>
     <span class='ocr_line' id='line_1_7' title="bbox 379 1221 1483 1317; baseline 0.002 -23"><span class='ocrx_word' id='word_1_59' title='bbox 379 1221 580 1317; x_wconf 91' lang='lat' dir='ltr'><strong>quod</strong></span> <span class='ocrx_word' id='word_1_60' title='bbox 613 1233 771 1295; x_wconf 87' lang='lat' dir='ltr'><strong>erat</strong></span> <span class='ocrx_word' id='word_1_61' title='bbox 808 1223 1483 1297; x_wconf 85' lang='lat' dir='ltr'><strong>demonstrandum.</strong></span> 
     </span>
    </p>

    <p class='ocr_par' dir='ltr' id='par_1_3' title="bbox 371 1336 2454 2447">
     <span class='ocr_line' id='line_1_8' title="bbox 488 1336 2451 1412; baseline 0.003 -5"><span class='ocrx_word' id='word_1_62' title='bbox 488 1345 598 1409; x_wconf 88' lang='lat'><strong>10.</strong></span> <span class='ocrx_word' id='word_1_63' title='bbox 656 1336 734 1408; x_wconf 87' lang='lat' dir='ltr'><strong>Si</strong></span> <span class='ocrx_word' id='word_1_64' title='bbox 786 1336 1055 1409; x_wconf 87' lang='lat' dir='ltr'>mobile</span> <span class='ocrx_word' id='word_1_65' title='bbox 1107 1338 1387 1410; x_wconf 88' lang='lat' dir='ltr'><strong>feratur</strong></span> <span class='ocrx_word' id='word_1_66' title='bbox 1435 1363 1480 1411; x_wconf 91' lang='lat' dir='ltr'><strong>a</strong></span> <span class='ocrx_word' id='word_1_67' title='bbox 1534 1339 1820 1412; x_wconf 86' lang='lat' dir='ltr'><strong>duobus</strong></span> <span class='ocrx_word' id='word_1_68' title='bbox 1877 1338 2093 1410; x_wconf 87' lang='lat' dir='ltr'><strong>simul</strong></span> <span class='ocrx_word' id='word_1_69' title='bbox 2151 1363 2451 1412; x_wconf 89' lang='lat' dir='ltr'><strong>moven-</strong></span> 
     </span>
     <span class='ocr_line' id='line_1_9' title="bbox 376 1448 2448 1547; baseline 0.003 -28"><span class='ocrx_word' id='word_1_70' title='bbox 376 1448 573 1520; x_wconf 87' lang='lat' dir='ltr'><strong>tibus</strong></span> <span class='ocrx_word' id='word_1_71' title='bbox 642 1448 719 1521; x_wconf 91' lang='lat' dir='ltr'><strong>in</strong></span> <span class='ocrx_word' id='word_1_72' title='bbox 791 1449 964 1522; x_wconf 89' lang='lat' dir='ltr'><strong>dato</strong></span> <span class='ocrx_word' id='word_1_73' title='bbox 1052 1451 1383 1546; x_wconf 91' lang='lat' dir='ltr'><strong>quolibet</strong></span> <span class='ocrx_word' id='word_1_74' title='bbox 1467 1451 1738 1547; x_wconf 88' lang='lat' dir='ltr'><strong>angulo</strong></span> <span class='ocrx_word' id='word_1_75' title='bbox 1812 1452 2448 1542; x_wconf 85' lang='lat' dir='ltr'><strong>concurrentibuS,</strong></span> 
     </span>
     <span class='ocr_line' id='line_1_10' title="bbox 376 1561 2454 1657; baseline 0.002 -25"><span class='ocrx_word' id='word_1_76' title='bbox 376 1585 689 1657; x_wconf 88' lang='lat' dir='ltr'><strong>quorum</strong></span> <span class='ocrx_word' id='word_1_77' title='bbox 743 1561 1058 1635; x_wconf 87' lang='lat' dir='ltr'><strong>alterum</strong></span> <span class='ocrx_word' id='word_1_78' title='bbox 1108 1576 1448 1638; x_wconf 88' lang='lat' dir='ltr'><strong>movetur</strong></span> <span class='ocrx_word' id='word_1_79' title='bbox 1497 1563 1985 1652; x_wconf 85' lang='lat' dir='ltr'><strong>uniformiter,</strong></span> <span class='ocrx_word' id='word_1_80' title='bbox 2042 1564 2358 1637; x_wconf 89' lang='lat' dir='ltr'><strong>alterum</strong></span> <span class='ocrx_word' id='word_1_81' title='bbox 2409 1590 2454 1637; x_wconf 91' lang='lat' dir='ltr'><strong>a</strong></span> 
     </span>
     <span class='ocr_line' id='line_1_11' title="bbox 374 1674 2451 1773; baseline 0.002 -27"><span class='ocrx_word' id='word_1_82' title='bbox 374 1674 647 1769; x_wconf 91' lang='lat' dir='ltr'><strong>quiete,</strong></span> <span class='ocrx_word' id='word_1_83' title='bbox 679 1674 915 1748; x_wconf 91' lang='lat' dir='ltr'><strong>donec</strong></span> <span class='ocrx_word' id='word_1_84' title='bbox 965 1676 1320 1773; x_wconf 91' lang='lat' dir='ltr'><strong>impetum</strong></span> <span class='ocrx_word' id='word_1_85' title='bbox 1368 1677 1793 1773; x_wconf 83' lang='lat' dir='ltr'><strong>acquisierit</strong></span> <span class='ocrx_word' id='word_1_86' title='bbox 1845 1676 2153 1773; x_wconf 86' lang='lat' dir='ltr'><strong>impetui</strong></span> <span class='ocrx_word' id='word_1_87' title='bbox 2209 1691 2451 1750; x_wconf 88' lang='lat' dir='ltr'><strong>motus</strong></span> 
     </span>
     <span class='ocr_line' id='line_1_12' title="bbox 371 1787 2449 1886; baseline 0.001 -27"><span class='ocrx_word' id='word_1_88' title='bbox 371 1787 761 1861; x_wconf 85' lang='lat' dir='ltr'><strong>uniformis</strong></span> <span class='ocrx_word' id='word_1_89' title='bbox 795 1789 1176 1884; x_wconf 88' lang='lat' dir='ltr'><strong>aequalem,</strong></span> <span class='ocrx_word' id='word_1_90' title='bbox 1211 1790 1318 1863; x_wconf 88' lang='lat' dir='ltr'><strong>ita</strong></span> <span class='ocrx_word' id='word_1_91' title='bbox 1351 1790 1828 1879; x_wconf 85' lang='lat' dir='ltr'><strong>acceleratur,</strong></span> <span class='ocrx_word' id='word_1_92' title='bbox 1864 1802 1950 1861; x_wconf 93' lang='lat' dir='ltr'><strong>ut</strong></span> <span class='ocrx_word' id='word_1_93' title='bbox 1984 1790 2173 1862; x_wconf 87' lang='lat' dir='ltr'><strong>ratio</strong></span> <span class='ocrx_word' id='word_1_94' title='bbox 2210 1789 2449 1886; x_wconf 84' lang='lat' dir='ltr'><strong>longi-</strong></span> 
     </span>
     <span class='ocr_line' id='line_1_13' title="bbox 375 1900 2448 1998; baseline 0.002 -27"><span class='ocrx_word' id='word_1_95' title='bbox 375 1900 716 1973; x_wconf 90' lang='lat' dir='ltr'><strong>tudinum</strong></span> <span class='ocrx_word' id='word_1_96' title='bbox 781 1925 1295 1997; x_wconf 90' lang='lat' dir='ltr'><strong>percursarum</strong></span> <span class='ocrx_word' id='word_1_97' title='bbox 1364 1904 1461 1976; x_wconf 86' lang='lat' dir='ltr'><strong>sit</strong></span> <span class='ocrx_word' id='word_1_98' title='bbox 1534 1904 1804 1998; x_wconf 81' lang='lat' dir='ltr'><strong>ubique</strong></span> <span class='ocrx_word' id='word_1_99' title='bbox 1883 1902 2192 1975; x_wconf 86' lang='lat' dir='ltr'><strong>rationis</strong></span> <span class='ocrx_word' id='word_1_100' title='bbox 2263 1914 2448 1975; x_wconf 91' lang='lat' dir='ltr'><strong>tem-</strong></span> 
     </span>
     <span class='ocr_line' id='line_1_14' title="bbox 372 2013 2445 2112; baseline 0.002 -28"><span class='ocrx_word' id='word_1_101' title='bbox 372 2037 660 2108; x_wconf 88' lang='lat' dir='ltr'><strong>porum,</strong></span> <span class='ocrx_word' id='word_1_102' title='bbox 717 2013 795 2085; x_wconf 91' lang='lat' dir='ltr'><strong>in</strong></span> <span class='ocrx_word' id='word_1_103' title='bbox 830 2015 1094 2110; x_wconf 83' lang='lat' dir='ltr'><strong>quibus</strong></span> <span class='ocrx_word' id='word_1_104' title='bbox 1148 2030 1707 2112; x_wconf 88' lang='lat' dir='ltr'><strong>percurruntur,</strong></span> <span class='ocrx_word' id='word_1_105' title='bbox 1754 2016 2175 2111; x_wconf 90' lang='lat' dir='ltr'><strong>triplicata;</strong></span> <span class='ocrx_word' id='word_1_106' title='bbox 2230 2015 2445 2105; x_wconf 88' lang='lat' dir='ltr'><strong>linea,</strong></span> 
     </span>
     <span class='ocr_line' id='line_1_15' title="bbox 376 2125 2449 2224; baseline 0.002 -28"><span class='ocrx_word' id='word_1_107' title='bbox 376 2125 451 2197; x_wconf 92' lang='grc'><strong>111</strong></span> <span class='ocrx_word' id='word_1_108' title='bbox 489 2149 636 2221; x_wconf 88' lang='lat' dir='ltr'><strong>qua</strong></span> <span class='ocrx_word' id='word_1_109' title='bbox 680 2127 917 2199; x_wconf 89' lang='lat' dir='ltr'><strong>fertur</strong></span> <span class='ocrx_word' id='word_1_110' title='bbox 953 2128 1243 2218; x_wconf 90' lang='lat' dir='ltr'><strong>mobile,</strong></span> <span class='ocrx_word' id='word_1_111' title='bbox 1293 2128 1434 2201; x_wconf 91' lang='lat' dir='ltr'><strong>erit</strong></span> <span class='ocrx_word' id='word_1_112' title='bbox 1496 2153 1722 2201; x_wconf 85' lang='lat' dir='ltr'><strong>curva</strong></span> <span class='ocrx_word' id='word_1_113' title='bbox 1779 2127 2449 2224; x_wconf 84' lang='lat' dir='ltr'><strong>semiparabolastri</strong></span> 
     </span>
     <span class='ocr_line' id='line_1_16' title="bbox 375 2238 2448 2337; baseline 0.002 -29"><span class='ocrx_word' id='word_1_114' title='bbox 375 2261 467 2309; x_wconf 86' lang='lat' dir='ltr'><strong>ex</strong></span> <span class='ocrx_word' id='word_1_115' title='bbox 515 2238 776 2311; x_wconf 85' lang='lat' dir='ltr'><strong>mediis</strong></span> <span class='ocrx_word' id='word_1_116' title='bbox 826 2238 1107 2312; x_wconf 85' lang='lat' dir='ltr'><strong>duabus</strong></span> <span class='ocrx_word' id='word_1_117' title='bbox 1161 2240 1402 2336; x_wconf 90' lang='lat' dir='ltr'><strong>primi,</strong></span> <span class='ocrx_word' id='word_1_118' title='bbox 1456 2242 1665 2337; x_wconf 84' lang='lat' dir='ltr'><strong>cujus</strong></span> <span class='ocrx_word' id='word_1_119' title='bbox 1711 2241 1909 2313; x_wconf 83' lang='lat' dir='ltr'><strong>basis</strong></span> <span class='ocrx_word' id='word_1_120' title='bbox 1963 2252 2077 2313; x_wconf 84' lang='lat' dir='ltr'><strong>est</strong></span> <span class='ocrx_word' id='word_1_121' title='bbox 2131 2239 2448 2336; x_wconf 89' lang='lat' dir='ltr'><strong>impetus</strong></span> 
     </span>
     <span class='ocr_line' id='line_1_17' title="bbox 374 2349 1096 2447; baseline 0.004 -26"><span class='ocrx_word' id='word_1_122' title='bbox 374 2349 635 2424; x_wconf 92' lang='lat' dir='ltr'><strong>ultimo</strong></span> <span class='ocrx_word' id='word_1_123' title='bbox 672 2351 1096 2447; x_wconf 85' lang='lat' dir='ltr'><strong>acquisitus.</strong></span> 
     </span>
    </p>

    <p class='ocr_par' dir='ltr' id='par_1_4' title="bbox 374 2464 2453 4487">
     <span class='ocr_line' id='line_1_18' title="bbox 478 2464 2453 2563; baseline 0.001 -27"><span class='ocrx_word' id='word_1_124' title='bbox 478 2464 593 2536; x_wconf 87' lang='lat' dir='ltr'><strong>Sit</strong></span> <span class='ocrx_word' id='word_1_125' title='bbox 625 2464 822 2536; x_wconf 89' lang='lat' dir='ltr'><strong>enim</strong></span> <span class='ocrx_word' id='word_1_126' title='bbox 864 2464 973 2557; x_wconf 93' lang='lat' dir='ltr'><strong>(in</strong></span> <span class='ocrx_word' id='word_1_127' title='bbox 998 2466 1122 2562; x_wconf 87' lang='lat' dir='ltr'><strong>fig.</strong></span> <span class='ocrx_word' id='word_1_128' title='bbox 1147 2468 1384 2563; x_wconf 83' lang='lat' dir='ltr'><strong>sexta)</strong></span> <span class='ocrx_word' id='word_1_129' title='bbox 1420 2479 1628 2540; x_wconf 87' lang='lat' dir='ltr'><strong>recta</strong></span> <span class='ocrx_word' id='word_1_130' title='bbox 1661 2467 1728 2539; x_wconf 94' lang='lat' dir='ltr'>A</span> <span class='ocrx_word' id='word_1_131' title='bbox 1752 2467 1836 2558; x_wconf 90' lang='lat' dir='ltr'><strong>B,</strong></span> <span class='ocrx_word' id='word_1_132' title='bbox 1876 2491 2038 2563; x_wconf 86' lang='lat' dir='ltr'><strong>quae</strong></span> <span class='ocrx_word' id='word_1_133' title='bbox 2067 2478 2453 2539; x_wconf 89' lang='lat' dir='ltr'><strong>moveatur</strong></span> 
     </span>
     <span class='ocr_line' id='line_1_19' title="bbox 374 2577 2451 2663; baseline 0.001 -14"><span class='ocrx_word' id='word_1_134' title='bbox 374 2577 842 2651; x_wconf 88' lang='lat' dir='ltr'><strong>uniformiter</strong></span> <span class='ocrx_word' id='word_1_135' title='bbox 899 2579 994 2652; x_wconf 87' lang='lat' dir='ltr'><strong>ad</strong></span> <span class='ocrx_word' id='word_1_136' title='bbox 1045 2580 1103 2652; x_wconf 86' lang='lat' dir='ltr'>C</span> <span class='ocrx_word' id='word_1_137' title='bbox 1138 2581 1248 2663; x_wconf 88' lang='lat' dir='ltr'><strong>D;</strong></span> <span class='ocrx_word' id='word_1_138' title='bbox 1313 2580 1410 2653; x_wconf 88' lang='lat' dir='ltr'><strong>sit</strong></span> <span class='ocrx_word' id='word_1_139' title='bbox 1460 2592 1710 2653; x_wconf 93' lang='lat' dir='ltr'><strong>autem</strong></span> <span class='ocrx_word' id='word_1_140' title='bbox 1765 2593 1842 2653; x_wconf 91' lang='lat' dir='ltr'><strong>et</strong></span> <span class='ocrx_word' id='word_1_141' title='bbox 1889 2580 2089 2653; x_wconf 84' lang='lat' dir='ltr'><strong>aliud</strong></span> <span class='ocrx_word' id='word_1_142' title='bbox 2148 2603 2451 2652; x_wconf 86' lang='lat' dir='ltr'><strong>movens</strong></span> 
     </span>
     <span class='ocr_line' id='line_1_20' title="bbox 375 2691 2452 2790; baseline 0 -26"><span class='ocrx_word' id='word_1_143' title='bbox 375 2691 443 2762; x_wconf 92' lang='lat' dir='ltr'>A</span> <span class='ocrx_word' id='word_1_144' title='bbox 478 2691 559 2781; x_wconf 90' lang='lat' dir='ltr'><strong>C,</strong></span> <span class='ocrx_word' id='word_1_145' title='bbox 598 2692 798 2788; x_wconf 90' lang='lat' dir='ltr'><strong>quod</strong></span> <span class='ocrx_word' id='word_1_146' title='bbox 833 2692 1092 2765; x_wconf 91' lang='lat' dir='ltr'><strong>eodem</strong></span> <span class='ocrx_word' id='word_1_147' title='bbox 1128 2704 1461 2790; x_wconf 91' lang='lat' dir='ltr'><strong>tempore</strong></span> <span class='ocrx_word' id='word_1_148' title='bbox 1494 2706 1881 2767; x_wconf 89' lang='lat' dir='ltr'><strong>moveatur</strong></span> <span class='ocrx_word' id='word_1_149' title='bbox 1914 2693 2008 2767; x_wconf 87' lang='lat' dir='ltr'><strong>ad</strong></span> <span class='ocrx_word' id='word_1_150' title='bbox 2046 2694 2106 2766; x_wconf 93' lang='lat' dir='ltr'>B</span> <span class='ocrx_word' id='word_1_151' title='bbox 2140 2693 2206 2765; x_wconf 94' lang='lat' dir='ltr'>D</span> <span class='ocrx_word' id='word_1_152' title='bbox 2242 2706 2452 2765; x_wconf 91' lang='lat' dir='ltr'><strong>motu</strong></span> 
     </span>
     <span class='ocr_line' id='line_1_21' title="bbox 376 2805 2448 2904; baseline 0 -26"><span class='ocrx_word' id='word_1_153' title='bbox 376 2805 483 2878; x_wconf 86' lang='lat' dir='ltr'><strong>ita</strong></span> <span class='ocrx_word' id='word_1_154' title='bbox 514 2806 950 2894; x_wconf 82' lang='lat' dir='ltr'><strong>acceleratO,</strong></span> <span class='ocrx_word' id='word_1_155' title='bbox 984 2818 1071 2878; x_wconf 90' lang='lat' dir='ltr'><strong>ut</strong></span> <span class='ocrx_word' id='word_1_156' title='bbox 1121 2807 1670 2902; x_wconf 82' lang='lat' dir='ltr'><strong>longitudinum</strong></span> <span class='ocrx_word' id='word_1_157' title='bbox 1709 2830 2223 2904; x_wconf 72' lang='lat' dir='ltr'><strong>percursatum</strong></span> <span class='ocrx_word' id='word_1_158' title='bbox 2259 2806 2448 2879; x_wconf 91' lang='lat' dir='ltr'><strong>ratio</strong></span> 
     </span>
     <span class='ocr_line' id='line_1_22' title="bbox 377 2918 2449 3016; baseline 0 -27"><span class='ocrx_word' id='word_1_159' title='bbox 377 2918 683 2991; x_wconf 86' lang='lat' dir='ltr'><strong>rationis</strong></span> <span class='ocrx_word' id='word_1_160' title='bbox 736 2932 1153 3016; x_wconf 91' lang='lat' dir='ltr'><strong>temporum</strong></span> <span class='ocrx_word' id='word_1_161' title='bbox 1205 2920 1302 2992; x_wconf 88' lang='lat' dir='ltr'><strong>sit</strong></span> <span class='ocrx_word' id='word_1_162' title='bbox 1355 2920 1630 3014; x_wconf 91' lang='lat' dir='ltr'><strong>ubique</strong></span> <span class='ocrx_word' id='word_1_163' title='bbox 1682 2920 2078 3016; x_wconf 87' lang='lat' dir='ltr'><strong>triplicata,</strong></span> <span class='ocrx_word' id='word_1_164' title='bbox 2132 2919 2449 3015; x_wconf 84' lang='lat' dir='ltr'><strong>impetus</strong></span> 
     </span>
     <span class='ocr_line' id='line_1_23' title="bbox 376 3033 2450 3129; baseline 0 -25"><span class='ocrx_word' id='word_1_165' title='bbox 376 3044 624 3105; x_wconf 89' lang='lat' dir='ltr'><strong>autem</strong></span> <span class='ocrx_word' id='word_1_166' title='bbox 683 3033 943 3106; x_wconf 84' lang='lat' dir='ltr'><strong>ultimo</strong></span> <span class='ocrx_word' id='word_1_167' title='bbox 999 3033 1402 3127; x_wconf 84' lang='lat' dir='ltr'><strong>acquisitus</strong></span> <span class='ocrx_word' id='word_1_168' title='bbox 1465 3034 1561 3106; x_wconf 87' lang='lat' dir='ltr'><strong>sit</strong></span> <span class='ocrx_word' id='word_1_169' title='bbox 1625 3034 1685 3106; x_wconf 93' lang='lat' dir='ltr'>B</span> <span class='ocrx_word' id='word_1_170' title='bbox 1735 3035 1800 3106; x_wconf 96' lang='lat' dir='ltr'>D</span> <span class='ocrx_word' id='word_1_171' title='bbox 1857 3033 2157 3129; x_wconf 84' lang='lat' dir='ltr'><strong>aequalis</strong></span> <span class='ocrx_word' id='word_1_172' title='bbox 2228 3044 2450 3105; x_wconf 87' lang='lat' dir='ltr'><strong>rectae</strong></span> 
     </span>
     <span class='ocr_line' id='line_1_24' title="bbox 375 3146 2450 3243; baseline -0 -25"><span class='ocrx_word' id='word_1_173' title='bbox 375 3147 442 3218; x_wconf 98' lang='lat' dir='ltr'>A</span> <span class='ocrx_word' id='word_1_174' title='bbox 478 3146 560 3218; x_wconf 85' lang='lat' dir='ltr'><strong>C.</strong></span> <span class='ocrx_word' id='word_1_175' title='bbox 667 3147 972 3241; x_wconf 65' lang='lat' dir='ltr'><strong>Fiatque</strong></span> <span class='ocrx_word' id='word_1_176' title='bbox 1025 3170 1250 3219; x_wconf 88' lang='lat' dir='ltr'><strong>curva</strong></span> <span class='ocrx_word' id='word_1_177' title='bbox 1301 3146 1970 3243; x_wconf 80' lang='lat' dir='ltr'><strong>semiparabolastri</strong></span> <span class='ocrx_word' id='word_1_178' title='bbox 2025 3170 2112 3219; x_wconf 85' lang='lat' dir='ltr'><strong>ex</strong></span> <span class='ocrx_word' id='word_1_179' title='bbox 2167 3146 2450 3219; x_wconf 82' lang='lat' dir='ltr'><strong>duabus</strong></span> 
     </span>
     <span class='ocr_line' id='line_1_25' title="bbox 375 3259 2450 3356; baseline -0 -25"><span class='ocrx_word' id='word_1_180' title='bbox 375 3259 636 3333; x_wconf 85' lang='lat' dir='ltr'><strong>mediis</strong></span> <span class='ocrx_word' id='word_1_181' title='bbox 663 3260 883 3356; x_wconf 92' lang='lat' dir='ltr'><strong>primi</strong></span> <span class='ocrx_word' id='word_1_182' title='bbox 915 3260 982 3331; x_wconf 98' lang='lat' dir='ltr'>A</span> <span class='ocrx_word' id='word_1_183' title='bbox 1019 3260 1107 3331; x_wconf 92' lang='lat' dir='ltr'><strong>D.</strong></span> <span class='ocrx_word' id='word_1_184' title='bbox 1208 3259 1392 3331; x_wconf 90' lang='lat' dir='ltr'><strong>Dico</strong></span> <span class='ocrx_word' id='word_1_185' title='bbox 1428 3284 1562 3355; x_wconf 89' lang='lat' dir='ltr'><strong>per</strong></span> <span class='ocrx_word' id='word_1_186' title='bbox 1597 3283 2030 3332; x_wconf 86' lang='lat' dir='ltr'><strong>consursum</strong></span> <span class='ocrx_word' id='word_1_187' title='bbox 2066 3259 2450 3331; x_wconf 87' lang='lat' dir='ltr'><strong>amborum</strong></span> 
     </span>
     <span class='ocr_line' id='line_1_26' title="bbox 378 3372 2450 3469; baseline -0.001 -24"><span class='ocrx_word' id='word_1_188' title='bbox 378 3373 592 3446; x_wconf 84' lang='lat' dir='ltr'><strong>simul</strong></span> <span class='ocrx_word' id='word_1_189' title='bbox 618 3373 1071 3446; x_wconf 86' lang='lat' dir='ltr'><strong>moventium</strong></span> <span class='ocrx_word' id='word_1_190' title='bbox 1104 3372 1289 3460; x_wconf 91' lang='lat' dir='ltr'><strong>fieri,</strong></span> <span class='ocrx_word' id='word_1_191' title='bbox 1312 3384 1399 3444; x_wconf 92' lang='lat' dir='ltr'><strong>ut</strong></span> <span class='ocrx_word' id='word_1_192' title='bbox 1431 3372 1703 3445; x_wconf 91' lang='lat' dir='ltr'><strong>mobile</strong></span> <span class='ocrx_word' id='word_1_193' title='bbox 1731 3384 2117 3469; x_wconf 90' lang='lat' dir='ltr'><strong>percurrat</strong></span> <span class='ocrx_word' id='word_1_194' title='bbox 2151 3396 2450 3445; x_wconf 85' lang='lat' dir='ltr'><strong>curvam</strong></span> 
     </span>
     <span class='ocr_line' id='line_1_27' title="bbox 375 3484 2449 3581; baseline -0.002 -22"><span class='ocrx_word' id='word_1_195' title='bbox 375 3487 574 3559; x_wconf 90' lang='lat' dir='ltr'><strong>illam</strong></span> <span class='ocrx_word' id='word_1_196' title='bbox 626 3487 693 3558; x_wconf 98' lang='lat' dir='ltr'>A</span> <span class='ocrx_word' id='word_1_197' title='bbox 729 3486 819 3558; x_wconf 92' lang='lat' dir='ltr'><strong>D.</strong></span> <span class='ocrx_word' id='word_1_198' title='bbox 938 3485 1411 3581; x_wconf 85' lang='lat' dir='ltr'><strong>Compleatur</strong></span> <span class='ocrx_word' id='word_1_199' title='bbox 1463 3486 2229 3581; x_wconf 85' lang='lat' dir='ltr'><strong>parallelogrammum</strong></span> <span class='ocrx_word' id='word_1_200' title='bbox 2285 3485 2350 3555; x_wconf 95' lang='lat' dir='ltr'>A</span> <span class='ocrx_word' id='word_1_201' title='bbox 2389 3484 2449 3556; x_wconf 93' lang='lat' dir='ltr'>B</span> 
     </span>
     <span class='ocr_line' id='line_1_28' title="bbox 377 3599 2450 3697; baseline -0.001 -23"><span class='ocrx_word' id='word_1_202' title='bbox 377 3603 442 3674; x_wconf 99' lang='lat' dir='ltr'><strong>D</strong></span> <span class='ocrx_word' id='word_1_203' title='bbox 480 3601 564 3691; x_wconf 88' lang='lat' dir='ltr'><strong>C,</strong></span> <span class='ocrx_word' id='word_1_204' title='bbox 603 3614 678 3672; x_wconf 90' lang='lat' dir='ltr'><strong>et</strong></span> <span class='ocrx_word' id='word_1_205' title='bbox 712 3601 785 3672; x_wconf 93' lang='lat' dir='ltr'><strong>in</strong></span> <span class='ocrx_word' id='word_1_206' title='bbox 841 3613 1045 3672; x_wconf 88' lang='lat' dir='ltr'><strong>recta</strong></span> <span class='ocrx_word' id='word_1_207' title='bbox 1079 3600 1147 3671; x_wconf 92' lang='lat' dir='ltr'>A</span> <span class='ocrx_word' id='word_1_208' title='bbox 1182 3599 1242 3671; x_wconf 93' lang='lat' dir='ltr'>B</span> <span class='ocrx_word' id='word_1_209' title='bbox 1278 3611 1612 3672; x_wconf 85' lang='lat' dir='ltr'><strong>sumatur</strong></span> <span class='ocrx_word' id='word_1_210' title='bbox 1660 3613 2018 3697; x_wconf 90' lang='lat' dir='ltr'><strong>punctum</strong></span> <span class='ocrx_word' id='word_1_211' title='bbox 2072 3599 2450 3694; x_wconf 89' lang='lat' dir='ltr'><strong>quodlibet</strong></span> 
     </span>
     <span class='ocr_line' id='line_1_29' title="bbox 376 3712 2446 3809; baseline -0.001 -22"><span class='ocrx_word' id='word_1_212' title='bbox 376 3716 461 3803; x_wconf 92' lang='lat' dir='ltr'><strong>E,</strong></span> <span class='ocrx_word' id='word_1_213' title='bbox 514 3740 559 3788; x_wconf 88' lang='lat' dir='ltr'><strong>a</strong></span> <span class='ocrx_word' id='word_1_214' title='bbox 594 3737 741 3808; x_wconf 86' lang='lat' dir='ltr'><strong>quo</strong></span> <span class='ocrx_word' id='word_1_215' title='bbox 776 3732 1055 3809; x_wconf 84' lang='lat' dir='ltr'><strong>puncto</strong></span> <span class='ocrx_word' id='word_1_216' title='bbox 1092 3712 1405 3785; x_wconf 88' lang='lat' dir='ltr'><strong>ducatur</strong></span> <span class='ocrx_word' id='word_1_217' title='bbox 1430 3714 1490 3784; x_wconf 91' lang='lat' dir='ltr'><strong>E</strong></span> <span class='ocrx_word' id='word_1_218' title='bbox 1518 3713 1574 3783; x_wconf 90' lang='lat' dir='ltr'>F</span> <span class='ocrx_word' id='word_1_219' title='bbox 1609 3736 1864 3785; x_wconf 85' lang='lat' dir='ltr'><strong>secans</strong></span> <span class='ocrx_word' id='word_1_220' title='bbox 1894 3737 2191 3785; x_wconf 89' lang='lat' dir='ltr'><strong>curvam</strong></span> <span class='ocrx_word' id='word_1_221' title='bbox 2229 3713 2302 3784; x_wconf 89' lang='lat' dir='ltr'><strong>in</strong></span> <span class='ocrx_word' id='word_1_222' title='bbox 2341 3713 2446 3795; x_wconf 90' lang='lat' dir='ltr'><strong>G;</strong></span> 
     </span>
     <span class='ocr_line' id='line_1_30' title="bbox 374 3826 2447 3926; baseline -0.002 -24"><span class='ocrx_word' id='word_1_223' title='bbox 374 3853 507 3926; x_wconf 90' lang='lat' dir='ltr'><strong>per</strong></span> <span class='ocrx_word' id='word_1_224' title='bbox 590 3841 947 3924; x_wconf 92' lang='lat' dir='ltr'><strong>punctum</strong></span> <span class='ocrx_word' id='word_1_225' title='bbox 1018 3827 1080 3899; x_wconf 90' lang='lat' dir='ltr'>G</span> <span class='ocrx_word' id='word_1_226' title='bbox 1149 3826 1464 3899; x_wconf 89' lang='lat' dir='ltr'><strong>ducatur</strong></span> <span class='ocrx_word' id='word_1_227' title='bbox 1521 3828 1590 3898; x_wconf 94' lang='lat' dir='ltr'>H</span> <span class='ocrx_word' id='word_1_228' title='bbox 1651 3828 1685 3899; x_wconf 94' lang='lat' dir='ltr'>I</span> <span class='ocrx_word' id='word_1_229' title='bbox 1740 3826 1963 3898; x_wconf 87' lang='lat' dir='ltr'><strong>rectis</strong></span> <span class='ocrx_word' id='word_1_230' title='bbox 2028 3828 2093 3898; x_wconf 95' lang='lat' dir='ltr'>A</span> <span class='ocrx_word' id='word_1_231' title='bbox 2139 3826 2222 3914; x_wconf 91' lang='lat' dir='ltr'><strong>B,</strong></span> <span class='ocrx_word' id='word_1_232' title='bbox 2287 3826 2346 3898; x_wconf 89' lang='lat' dir='ltr'>C</span> <span class='ocrx_word' id='word_1_233' title='bbox 2382 3827 2447 3898; x_wconf 99' lang='lat' dir='ltr'><strong>D</strong></span> 
     </span>
     <span class='ocr_line' id='line_1_31' title="bbox 374 3939 2450 4038; baseline -0.001 -23"><span class='ocrx_word' id='word_1_234' title='bbox 374 3941 742 4038; x_wconf 87' lang='lat' dir='ltr'><strong>parallela.</strong></span> <span class='ocrx_word' id='word_1_235' title='bbox 849 3939 1216 4019; x_wconf 77' lang='lat' dir='ltr'><strong>Quoniam</strong></span> <span class='ocrx_word' id='word_1_236' title='bbox 1254 3939 1481 4035; x_wconf 84' lang='lat' dir='ltr'><strong>igitur</strong></span> <span class='ocrx_word' id='word_1_237' title='bbox 1515 3940 1705 4012; x_wconf 87' lang='lat' dir='ltr'><strong>ratio</strong></span> <span class='ocrx_word' id='word_1_238' title='bbox 1742 3941 1809 4012; x_wconf 88' lang='lat' dir='ltr'>A</span> <span class='ocrx_word' id='word_1_239' title='bbox 1839 3939 1898 4011; x_wconf 90' lang='lat' dir='ltr'><strong>B</strong></span> <span class='ocrx_word' id='word_1_240' title='bbox 1933 3939 2028 4011; x_wconf 85' lang='lat' dir='ltr'><strong>ad</strong></span> <span class='ocrx_word' id='word_1_241' title='bbox 2064 3940 2129 4010; x_wconf 95' lang='lat' dir='ltr'>A</span> <span class='ocrx_word' id='word_1_242' title='bbox 2167 3941 2227 4011; x_wconf 90' lang='lat' dir='ltr'><strong>E</strong></span> <span class='ocrx_word' id='word_1_243' title='bbox 2287 3941 2450 4035; x_wconf 89' lang='lat' dir='ltr'><strong>(per</strong></span> 
     </span>
     <span class='ocr_line' id='line_1_32' title="bbox 375 4052 2448 4151; baseline -0.001 -23"><span class='ocrx_word' id='word_1_244' title='bbox 375 4054 852 4151; x_wconf 85' lang='lat' dir='ltr'><strong>hypothesin)</strong></span> <span class='ocrx_word' id='word_1_245' title='bbox 927 4064 1042 4126; x_wconf 88' lang='lat' dir='ltr'><strong>est</strong></span> <span class='ocrx_word' id='word_1_246' title='bbox 1102 4052 1474 4148; x_wconf 86' lang='lat' dir='ltr'><strong>triplicata</strong></span> <span class='ocrx_word' id='word_1_247' title='bbox 1533 4052 1842 4125; x_wconf 87' lang='lat' dir='ltr'><strong>rationis</strong></span> <span class='ocrx_word' id='word_1_248' title='bbox 1897 4053 1958 4124; x_wconf 92' lang='lat' dir='ltr'><strong>E</strong></span> <span class='ocrx_word' id='word_1_249' title='bbox 1996 4053 2052 4123; x_wconf 91' lang='lat' dir='ltr'>F</span> <span class='ocrx_word' id='word_1_250' title='bbox 2105 4052 2201 4124; x_wconf 88' lang='lat' dir='ltr'><strong>ad</strong></span> <span class='ocrx_word' id='word_1_251' title='bbox 2266 4054 2325 4124; x_wconf 90' lang='lat' dir='ltr'>E</span> <span class='ocrx_word' id='word_1_252' title='bbox 2362 4053 2448 4141; x_wconf 92' lang='lat' dir='ltr'><strong>G,</strong></span> 
     </span>
     <span class='ocr_line' id='line_1_33' title="bbox 375 4164 2448 4262; baseline -0.002 -21"><span class='ocrx_word' id='word_1_253' title='bbox 375 4168 518 4241; x_wconf 89' lang='lat' dir='ltr'><strong>hoc</strong></span> <span class='ocrx_word' id='word_1_254' title='bbox 566 4179 704 4256; x_wconf 85' lang='lat' dir='ltr'><strong>est,</strong></span> <span class='ocrx_word' id='word_1_255' title='bbox 755 4165 1106 4261; x_wconf 87' lang='lat' dir='ltr'><strong>temporis</strong></span> <span class='ocrx_word' id='word_1_256' title='bbox 1160 4166 1227 4238; x_wconf 94' lang='lat' dir='ltr'>A</span> <span class='ocrx_word' id='word_1_257' title='bbox 1263 4166 1322 4238; x_wconf 86' lang='lat' dir='ltr'>C</span> <span class='ocrx_word' id='word_1_258' title='bbox 1373 4165 1466 4238; x_wconf 88' lang='lat' dir='ltr'><strong>ad</strong></span> <span class='ocrx_word' id='word_1_259' title='bbox 1523 4176 1815 4261; x_wconf 87' lang='lat' dir='ltr'><strong>tempus</strong></span> <span class='ocrx_word' id='word_1_260' title='bbox 1870 4164 1937 4236; x_wconf 94' lang='lat' dir='ltr'>A</span> <span class='ocrx_word' id='word_1_261' title='bbox 1976 4165 2096 4248; x_wconf 91' lang='lat' dir='ltr'><strong>H;</strong></span> <span class='ocrx_word' id='word_1_262' title='bbox 2153 4165 2448 4262; x_wconf 84' lang='lat' dir='ltr'><strong>quando</strong></span> 
     </span>
     <span class='ocr_line' id='line_1_34' title="bbox 380 4278 2449 4372; baseline -0 -20"><span class='ocrx_word' id='word_1_263' title='bbox 380 4281 445 4352; x_wconf 87' lang='lat' dir='ltr'>A</span> <span class='ocrx_word' id='word_1_264' title='bbox 479 4281 540 4354; x_wconf 92' lang='lat' dir='ltr'>C</span> <span class='ocrx_word' id='word_1_265' title='bbox 600 4292 716 4353; x_wconf 81' lang='lat' dir='ltr'><strong>est</strong></span> <span class='ocrx_word' id='word_1_266' title='bbox 759 4279 834 4351; x_wconf 93' lang='lat' dir='ltr'><strong>in</strong></span> <span class='ocrx_word' id='word_1_267' title='bbox 891 4280 951 4351; x_wconf 92' lang='lat' dir='ltr'><strong>E</strong></span> <span class='ocrx_word' id='word_1_268' title='bbox 988 4280 1065 4368; x_wconf 92' lang='lat' dir='ltr'><strong>F,</strong></span> <span class='ocrx_word' id='word_1_269' title='bbox 1131 4279 1272 4350; x_wconf 91' lang='lat' dir='ltr'><strong>erit</strong></span> <span class='ocrx_word' id='word_1_270' title='bbox 1326 4279 1391 4349; x_wconf 95' lang='lat' dir='ltr'>A</span> <span class='ocrx_word' id='word_1_271' title='bbox 1431 4278 1490 4350; x_wconf 90' lang='lat' dir='ltr'><strong>B</strong></span> <span class='ocrx_word' id='word_1_272' title='bbox 1539 4279 1617 4350; x_wconf 92' lang='lat' dir='ltr'><strong>in</strong></span> <span class='ocrx_word' id='word_1_273' title='bbox 1667 4278 1740 4349; x_wconf 93' lang='lat' dir='ltr'>H</span> <span class='ocrx_word' id='word_1_274' title='bbox 1781 4278 1857 4359; x_wconf 92' lang='grc' dir='ltr'><strong>Ι;</strong></span> <span class='ocrx_word' id='word_1_275' title='bbox 1912 4301 2136 4372; x_wconf 86' lang='lat' dir='ltr'><strong>quare</strong></span> <span class='ocrx_word' id='word_1_276' title='bbox 2180 4278 2449 4351; x_wconf 92' lang='lat' dir='ltr'><strong>mobile</strong></span> 
     </span>
     <span class='ocr_line' id='line_1_35' title="bbox 380 4391 2449 4487; baseline -0 -22"><span class='ocrx_word' id='word_1_277' title='bbox 380 4394 520 4467; x_wconf 92' lang='lat' dir='ltr'><strong>erit</strong></span> <span class='ocrx_word' id='word_1_278' title='bbox 552 4395 630 4466; x_wconf 92' lang='lat' dir='ltr'><strong>in</strong></span> <span class='ocrx_word' id='word_1_279' title='bbox 675 4393 1044 4466; x_wconf 89' lang='lat' dir='ltr'><strong>communi</strong></span> <span class='ocrx_word' id='word_1_280' title='bbox 1095 4406 1372 4486; x_wconf 87' lang='lat' dir='ltr'><strong>puncto</strong></span> <span class='ocrx_word' id='word_1_281' title='bbox 1410 4391 1495 4463; x_wconf 90' lang='lat' dir='ltr'><strong>G.</strong></span> <span class='ocrx_word' id='word_1_282' title='bbox 1601 4392 1846 4487; x_wconf 88' lang='lat' dir='ltr'><strong>Atque</strong></span> <span class='ocrx_word' id='word_1_283' title='bbox 1900 4391 2093 4464; x_wconf 88' lang='lat' dir='ltr'><strong>idem</strong></span> <span class='ocrx_word' id='word_1_284' title='bbox 2148 4391 2449 4464; x_wconf 89' lang='lat' dir='ltr'><strong>demon-</strong></span> 
     </span>
    </p>
   </div>
  </div>
 </body>
</html>
