3182 5102
379 707 556 757 PARS
592 705 636 756 1.

474 775 520 820 2.

362 3180 576 3231 Nomina

362 3248 531 3310 primae
553 3255 604 3296 et

360 3313 582 3361 secunda

360 3377 656 3427 intentionis.

731 487 821 553 18
1200 501 1733 555 coMPu‘rA‘rlo
1776 502 1964 554 slva
2005 502 2336 555 LOG1CA.

722 684 969 758 animo
1003 683 1328 774 formati,
1381 683 1511 757 sed
1545 683 1856 781 alicujus
1908 708 2197 781 semper
2245 685 2450 759 vocis
2488 685 2642 759 sive
2674 710 2812 760 no-

723 799 942 871 minis
1002 821 1298 872 nomen.
1437 800 1555 871 Ita
1607 809 1696 870 ut
1749 823 1921 871 cum
1984 799 2277 872 dicatur
2338 799 2633 890 animal,
2692 800 2811 874 vel

722 935 1002 1002 saxum,
1038 911 1156 984 vel
1184 923 1581 1007 spectrum,
1634 912 1751 984 vel
1780 913 1982 986 aliud
2013 913 2412 1010 quicquam
2448 937 2610 987 esse
2642 914 2808 987 uni-

720 1027 1027 1117 versale,
1094 1051 1248 1100 non
1310 1026 1874 1122 intelligendum
1942 1028 2042 1100 sit
2107 1028 2338 1100 ullum
2403 1027 2806 1118 hominem,

722 1165 1003 1232 saxum,
1058 1143 1185 1215 διο.
1221 1140 1471 1230 fuisse,
1524 1164 1711 1231 esse,
1764 1151 1895 1213 aut
1930 1164 2090 1214 esse
2124 1166 2341 1237 posse
2368 1141 2806 1232 universale,

722 1253 857 1327 sed
903 1265 1196 1327 tantum
1249 1278 1471 1328 voces
1527 1277 1652 1327 eas
1722 1253 2032 1343 animal,
2087 1278 2373 1341 saxum,
2441 1253 2576 1347 ἅτ.
2649 1279 2808 1328 esse

719 1368 1023 1442 nomina
1053 1368 1522 1459 universalia,
1563 1369 1643 1442 id
1679 1381 1816 1459 est,
1866 1369 2174 1442 nomina
2216 1369 2550 1465 pluribus
2586 1371 2807 1443 rebus

723 1483 1164 1571 communia,
1202 1495 1278 1555 et
1310 1483 1851 1579 respondentes
1885 1482 2067 1577 ipsis
2101 1481 2179 1555 in
2208 1483 2454 1557 animo
2492 1508 2808 1579 concep-

719 1609 841 1669 tus
877 1609 1051 1669 sunt
1087 1597 1569 1694 singularium
1603 1596 2032 1669 animalium
2064 1596 2182 1668 vel
2216 1597 2527 1669 aliarum
2560 1621 2809 1670 rerum

719 1710 1078 1806 imagines
1132 1722 1209 1783 et
1256 1711 1801 1807 phantasmata.
1908 1708 2232 1806 Ideoque
2272 1735 2425 1783 non
2462 1723 2576 1783 est
2622 1736 2809 1807 opus

720 1823 818 1898 ad
869 1824 1019 1896 vim
1088 1822 1542 1895 universalis
1603 1821 2161 1918 intelligendam
2228 1823 2375 1896 alia
2452 1823 2808 1896 facultate

721 1961 943 2034 quam
973 1936 1476 2033 imaginativa,
1511 1961 1664 2033 qua
1686 1936 2163 2010 recordamur
2186 1961 2407 2010 voces
2445 1937 2807 2033 ejusmodi

718 2051 939 2124 modo
991 2075 1216 2124 unam
1268 2074 1425 2122 rem
1475 2049 1698 2124 modo
1752 2050 1971 2123 aliam
2006 2051 2082 2123 in
2119 2050 2366 2124 animo
2421 2050 2803 2124 excitasse.

727 2163 1225 2237 Communium
1263 2165 1487 2237 etiam
1522 2164 1911 2254 nominum,
1950 2164 2095 2237 alia
2129 2176 2303 2236 sunt
2348 2163 2605 2260 magis,
2664 2164 2810 2236 alia

718 2277 963 2350 minus
986 2279 1434 2361 communia;
1463 2278 1701 2375 magis
1714 2302 2081 2350 commune
2104 2290 2219 2350 est
2240 2277 2440 2373 quod
2460 2276 2806 2374 plu-rium,

720 2392 962 2465 minus
990 2392 1188 2488 quod
1218 2392 1654 2489 pauciorum
1690 2415 1936 2464 rerum
1965 2415 2236 2464 nomen
2265 2403 2401 2464 est.
2507 2391 2613 2464 Ut
2646 2391 2808 2462 ani-

718 2505 874 2578 mal
921 2506 1156 2604 magis
1210 2529 1604 2581 commune
1668 2517 1781 2579 est
1834 2529 2057 2602 quam
2107 2504 2342 2595 homo,
2395 2504 2512 2577 vel
2584 2528 2806 2601 quam

719 2644 976 2717 equuS,
1032 2631 1163 2694 aut
1220 2619 1363 2710 le0,
1406 2621 1581 2717 quia
1631 2620 1815 2693 illud
1854 2621 2017 2694 haec
2066 2618 2316 2692 omnia
2374 2619 2805 2714 complecti-

721 2744 846 2807 tur
875 2764 894 2817 ;
975 2734 1227 2830 itaque
1261 2758 1533 2808 nomen
1568 2734 1803 2830 magis
1840 2755 2252 2821 commune,
2289 2743 2635 2829 respectu
2669 2732 2806 2804 mi-

718 2871 861 2920 nus
923 2848 1357 2939 communis,
1413 2848 1615 2944 quod
1651 2848 1786 2921 sub
1839 2847 2000 2943 ipso
2059 2845 2511 2935 continetur,
2559 2870 2805 2943 genus

718 2959 839 3033 vel
867 2960 1239 3058 generale
1276 2961 1423 3035 dici
1458 2961 1672 3051 solet,
1723 2961 1866 3034 hoc
1899 2985 2076 3034 vero
2126 2958 2322 3032 illius
2355 2959 2653 3057 speeies
2687 2959 2806 3033 vel

720 3073 1059 3172 apeciale
1095 3074 1390 3148 dicitur.

831 3194 943 3261 10.
997 3188 1244 3285 Atque
1263 3188 1439 3261 hinc
1466 3186 1848 3261 distinctio
1868 3187 2254 3260 nominum
2281 3186 2505 3259 tertia
2526 3184 2802 3276 existit,

727 3299 1070 3374 videlicet
1119 3312 1207 3373 ut
1261 3301 1407 3374 alia
1451 3301 1750 3398 primoe,
1802 3299 1947 3373 alia
1992 3300 2331 3372 secundm
2365 3299 2806 3372 intentionis

724 3413 926 3487 dicta
958 3414 1130 3487 sint.
1236 3414 1499 3487 Primae
1531 3413 1970 3487 intentionis
1999 3424 2175 3485 sunt
2200 3411 2503 3486 nomina
2529 3435 2802 3503 rerum,

721 3538 808 3598 ut
848 3528 1082 3616 homo,
1141 3526 1371 3625 lupia,
1431 3526 1776 3600 secundae
1837 3536 2012 3599 sunt
2064 3524 2368 3598 nomina
2419 3526 2805 3599 nominum

721 3650 800 3711 et
833 3640 1275 3729 orationum,
1327 3650 1416 3713 ut
1449 3636 1898 3727 universale,
1964 3638 2475 3735 particulare,
2530 3662 2799 3735 genu-3,

719 3752 1039 3848 speciest,
1100 3751 1594 3850 syllogismus
1658 3763 1734 3824 et
1804 3749 2091 3823 similia.
2232 3750 2482 3825 Quare
2551 3761 2801 3823 autem

719 3864 847 3938 illa
911 3864 1191 3961 primae,
1248 3866 1407 3938 haec
1460 3865 1802 3938 secundae
1857 3864 2292 3937 intentionis
2345 3863 2547 3936 dicta
2600 3875 2798 3954 sunt,

721 3977 1017 4050 difficile
1039 3991 1152 4052 est
1172 3978 1657 4075 pronuntiare
1689 4009 1708 4062 ;
1742 3977 1887 4051 nisi
1914 3976 2109 4051 forte
2138 3977 2226 4050 iis
2249 3977 2468 4049 rebus
2496 3976 2805 4050 nomina

720 4090 1099 4186 imponere
1135 4116 1298 4187 quae
1334 4091 1428 4164 ad
1462 4091 1691 4164 vitam
1714 4090 2221 4187 quotidianam
2257 4089 2796 4180 conducebant,

721 4204 1037 4279 intentio
1091 4205 1353 4302 prima,
1412 4204 1679 4278 deinde
1732 4228 1909 4277 vero
1965 4203 2054 4276 iis
2091 4203 2309 4275 rebus
2353 4225 2517 4298 quae
2572 4203 2801 4299 perti-

721 4319 1001 4391 nebant
1027 4318 1122 4392 ad
1145 4319 1553 4408 scientiam,
1576 4319 1655 4391 id
1685 4330 1798 4390 est
1822 4317 2243 4390 nominibus
2267 4316 2444 4389 dare
2469 4316 2795 4407 nomina,

718 4431 1089 4528 posterior
1122 4444 1198 4505 et
1232 4433 1557 4507 secunda
1589 4456 1769 4506 cura
1798 4430 2046 4505 fuerit.
2176 4430 2325 4504 Sed
2359 4454 2797 4528 quacunque
