3182 5102
1023 490 1129 540 nn
1166 488 1659 541 VOCABULls.
2295 474 2380 539 15

410 676 476 740 5.
534 667 906 742 Quoniam
960 681 1208 741 autem
1263 669 1608 759 Nomina,
1663 680 1750 741 ut
1804 667 2187 741 definitum
2240 679 2378 758 est,
2479 688 2654 737 PARS
2681 688 2724 736 1.

310 781 668 877 disposita
700 782 779 853 in
807 782 1165 871 oratione,
1197 783 1408 879 signa
1433 795 1607 855 sunt
1637 793 2171 878 conceptuum;
2224 806 2381 854 ma·
2480 755 2728 859 κ-ἶ--κ

309 895 659 968 nifestum
708 906 820 968 est
874 919 964 969 ea
1020 921 1172 970 non
1227 920 1386 970 esse
1444 896 1658 993 signa
1707 896 2031 991 ipsarum
2079 919 2328 968 rerum
2359 893 2618 979 315⁰¹1¹i¹¹³

312 1031 457 1104 quo
493 1032 713 1081 sensu
747 1010 943 1081 enim
977 1009 1290 1106 intelligi
1323 1021 1574 1107 potest
1621 1033 1884 1083 sonum
1922 1009 2142 1106 hujus
2176 1007 2378 1081 vocis
2404 966 2683 1072 3511ῗέτῖῐὲ
2697 1024 2782 1070 sed

312 1119 516 1219 lapis
567 1140 727 1194 esse
788 1122 1079 1218 signum
1132 1122 1447 1221 lapidae,
1503 1124 1648 1198 alio
1712 1147 1928 1220 quam
1985 1133 2074 1194 ut
2128 1123 2189 1195 is
2253 1122 2379 1218 qui
2404 1096 2765 1152 ‘mmmmm'

311 1258 567 1308 vocem
601 1259 765 1308 eam
793 1235 1118 1309 audisset
1144 1238 1526 1334 colligeret
1558 1239 1985 1333 loquentem
2020 1234 2111 1307 de
2138 1235 2380 1330 lapide

312 1348 726 1444 cogitasse?
830 1350 1090 1447 Itaque
1130 1351 1534 1448 disputatio
1584 1352 1712 1424 illa
1763 1375 1859 1424 an
1898 1350 2201 1423 nomina
2234 1349 2380 1446 sig-

311 1461 614 1535 nificent
672 1464 1088 1553 materiam,
1143 1489 1236 1538 an
1269 1466 1636 1561 sormam,
1707 1489 1803 1538 an
1872 1464 2381 1561 compositum,

312 1574 618 1672 aliaeque
648 1577 1006 1672 ejusmodi
1042 1579 1735 1676 metaphysicorum‚
1760 1577 2163 1652 errantium
2185 1588 2381 1666 sunt,

312 1711 450 1762 nec
484 1688 1055 1787 intelligentium
1086 1695 1313 1767 verba
1347 1694 1438 1766 de
1473 1695 1740 1790 quibus
1778 1694 2180 1788 disputant.

412 1810 482 1874 6.
538 1802 797 1899 Neque
841 1828 1019 1878 vero
1052 1817 1139 1878 ut
1174 1831 1391 1880 omne
1424 1831 1719 1897 nomen,
1763 1807 2073 1901 alicujus
2107 1806 2215 1878 rei
2248 1828 2382 1877 no·
2408 1840 2622 1888 Nomina

311 1938 482 1988 men
519 1916 640 2006 sit,
675 1919 1169 1992 necessarium
1203 1932 1339 1994 est.
1424 1922 1634 1995 Sicut
1670 1921 1867 1994 enim
1891 1941 2112 1991 voces
2148 1918 2379 2006 homa,
2405 1922 2700 2020 ξξῐζζῐζω

312 2027 568 2117 arbor,
638 2029 868 2128 lapiS,
937 2032 1261 2128 ipsarum
1327 2058 1573 2107 rerum
1641 2033 1945 2107 nomina
2012 2042 2207 2119 sunt,
2277 2030 2384 2103 ita

314 2165 606 2239 quoque
672 2145 1030 2241 imagines
1088 2146 1432 2236 hominis,
1488 2146 1796 2235 arboriS,
1859 2141 2147 2238 lapidis,
2216 2162 2382 2239 quae

310 2269 712 2330 occurrunt
763 2259 1322 2349 somniantibuS,
1373 2283 1506 2333 sua
1552 2259 1692 2332 sibi
1739 2258 2019 2332 habent
2055 2256 2379 2345 nomina,

309 2371 642 2465 quamvis
674 2394 793 2445 res
828 2396 978 2445 non
1013 2372 1187 2462 sint,
1231 2373 1361 2446 sed
1405 2396 1655 2445 rerum
1700 2372 2057 2468 figmenta
2090 2381 2379 2443 tantum

309 2494 387 2556 et
424 2483 966 2581 phantasmata.
1053 2486 1292 2560 Datur
1337 2487 1533 2561 enim
1567 2487 1894 2584 ipsarum
1935 2484 2379 2574 meminisse,

307 2597 620 2694 ideoque
656 2599 1075 2672 nominibus
1124 2623 1248 2673 eas
1283 2624 1434 2674 non
1483 2601 1725 2673 minus
1775 2625 1998 2698 quam
2031 2623 2148 2672 res
2184 2599 2378 2694 ipsas

307 2712 552 2784 notari
587 2723 663 2785 et
709 2711 1107 2808 significari
1157 2725 1474 2811 oportet.
1576 2716 1822 2787 Etiam
1856 2739 2000 2788 vox
2049 2713 2210 2786 haec
2231 2711 2377 2808 su-

310 2835 551 2897 turam
586 2851 858 2899 nomen
894 2838 1031 2915 est,
1075 2827 1206 2900 sed
1256 2852 1373 2901 res
1407 2828 1660 2902 futura
1691 2829 2022 2902 nondum
2056 2826 2208 2899 ulla
2239 2837 2377 2916 est,

308 2962 546 3035 neque
581 2939 853 3013 scimus
906 2940 1103 3036 quod
1145 2939 1477 3013 futurum
1509 2966 1882 3031 vocamuS,
1918 2966 2012 3014 an
2047 2940 2379 3012 futurum

309 3074 632 3147 unquam
680 3051 818 3136 sit3
872 3064 1203 3126 attamen
1254 3054 1427 3149 quia
1480 3054 1956 3151 cogitatione,
2003 3052 2382 3150 praeterita

308 3165 794 3261 praesentibus
845 3166 1283 3239 subnectere
1335 3167 1534 3240 soliti
1583 3191 1858 3258 5313115,
1905 3166 2202 3240 nomine
2235 3165 2382 3262 su·-

305 3275 464 3352 'turi
490 3279 714 3352 talem
744 3280 1272 3353 subnexionem
1300 3281 1821 3378 significamus
1925 3281 2151 3353 Porro
2182 3278 2382 3375 quod

308 3415 547 3488 neque
576 3404 713 3481 est,
735 3415 976 3489 neque
1004 3391 1170 3482 fuit,
1198 3416 1440 3490 neque
1470 3394 1635 3484 erit,
1665 3418 1904 3490 neque
1927 3418 2083 3467 esse
2104 3403 2376 3489 potest,

309 3528 579 3577 nomen
631 3517 883 3579 tamen
935 3505 1262 3596 habebit,
1317 3506 1458 3579 hoc
1517 3507 1760 3602 ipsum
1813 3506 2116 3595 scilicet,
2180 3504 2384 3602 quod

309 3641 545 3714 neque
576 3627 717 3702 est,
758 3643 992 3715 neque
1016 3618 1220 3715 fuit,
1255 3617 1390 3711 ᾇτ’.
1431 3620 1544 3692 vel
1576 3620 1872 3693 brevius
1906 3620 2072 3710 hoc,
2110 3619 2378 3716 impos-

309 3729 552 3803 sibile.
691 3731 1027 3828 Denique
1077 3756 1222 3805 vox
1275 3732 1437 3805 haec
1486 3733 1683 3805 nihil
1739 3757 2009 3806 nomen
2072 3743 2208 3820 est,
2271 3731 2377 3804 rei

311 3854 558 3917 tamen
593 3867 864 3917 nomen
901 3867 1060 3917 esse
1109 3868 1260 3918 non
1306 3857 1577 3941 potest.
1682 3846 1877 3919 Nam
1928 3846 1988 3919 si
2032 3845 2378 3941 (exempli

309 3958 578 4053 gratia)
620 3958 1112 4031 subducentes
1144 3958 1513 4032 binarium
1541 3971 1618 4032 et
1652 3960 2055 4034 ternarium
2091 3984 2182 4033 ex
2217 3959 2378 4055 qui-

309 4069 541 4160 nario,
597 4094 749 4144 non
802 4070 1134 4144 videmus
1180 4071 1410 4145 ullum
1444 4071 1844 4162 residuum,
1887 4072 1947 4145 si
1982 4072 2176 4145 illius
2210 4072 2379 4145 sub-

311 4182 681 4258 ductionis
739 4184 1160 4258 meminisse
1231 4186 1558 4276 velimus,
1648 4187 1885 4260 oratio
1967 4187 2125 4259 haec
2186 4185 2382 4258 nihil

309 4296 685 4371 residuum
725 4306 866 4387 est,
910 4309 988 4370 et
1048 4297 1126 4370 in
1186 4298 1314 4372 illa
1357 4323 1629 4372 nomen
1678 4298 1872 4372 nihil
1914 4300 2174 4373 inutile
2227 4323 2378 4372 non

314 4420 444 4482 est.
547 4410 859 4508 Propter
887 4412 1196 4485 eandem
1230 4413 1591 4486 rationem
1627 4414 1850 4488 etiam
1884 4415 2122 4488 minu-5
2156 4436 2376 4511 quam
