3182 5102
697 449 799 499 DE
841 450 1175 501 CAETERA
1215 451 1576 502 MOTUUM
1620 446 2109 498 vAmmATE.
2297 427 2438 504 277

371 613 451 684 Μ
477 612 570 703 Q,
629 615 689 686 L
711 616 767 688 P
826 617 965 712 ipsi
1037 618 1096 689 B
1122 618 1187 690 K
1249 618 1657 715 parallelas.
1758 615 2138 711 Temporis
2191 628 2438 687 autem
2504 618 2677 731 1)Λέῐὸ
2703 617 2804 667 ¹¹¹·

368 750 712 801 mensura
771 729 869 802 sit
933 730 992 801 B
1015 730 1100 819 G,
1172 755 1335 827 quae
1404 728 1756 803 dividitur
1822 729 2156 802 bifariam
2217 727 2293 799 in
2357 728 2439 799 Ε.
2520 721 2765 787 *τ’-ν

366 839 728 936 Tempore
763 866 939 940 ergo
980 843 1037 915 B
1061 845 1120 916 Ε
1155 855 1678 940 promoveatur
1701 855 2058 940 punctum
2094 842 2155 913 Β
2190 839 2286 913 ad
2321 840 2437 911 H:
2466 825 2793 951 ffffiffi‘fffl

370 977 595 1048 quare
656 956 913 1029 eodem
967 968 1300 1054 tempore
1348 982 1392 1030 a
1423 972 1648 1029 vento
1702 956 1929 1028 flante
1978 978 2112 1050 per
2158 953 2224 1026 D
2249 954 2329 1025 M
2368 966 2443 1025 et
2465 954 2738 1067 ssfg'ss’ssssssm

370 1067 486 1139 FL
521 1080 597 1140 et
632 1082 938 1144 caeteras
966 1095 1146 1167 quas
1183 1069 1485 1144 libuerit
1521 1069 1788 1142 ducere
1824 1068 2001 1165 ipsis
2032 1067 2439 1164 parallelas,

369 1192 529 1254 tota
569 1183 776 1255 navis
831 1184 1322 1281 applicabitur
1364 1195 1586 1255 rectae
1647 1182 1720 1254 H
1746 1182 1840 1253 N.
1946 1181 2132 1253 Item
2186 1181 2261 1252 in
2297 1181 2443 1252 fine

368 1296 721 1389 temporis
778 1297 1081 1369 secundi
1142 1298 1201 1369 Ε
1224 1297 1309 1387 G,
1363 1295 1618 1369 eadem
1681 1295 1887 1368 navis
1956 1294 2444 1391 applicabitur

367 1418 589 1479 rectae
645 1409 711 1479 K
738 1409 825 1482 Ο.
934 1410 1235 1504 Semper
1291 1433 1468 1505 ergo
1528 1408 1881 1505 procedet
1940 1406 2147 1480 navis
2194 1430 2446 1479 versus

365 1521 762 1609 anteriora,
814 1522 1089 1596 faciens
1150 1522 1499 1618 angulum
1547 1521 1644 1594 ad
1696 1533 2023 1608 ventum,
2091 1520 2445 1616 aequalem

366 1633 636 1728 angulo
686 1635 753 1706 A
777 1634 836 1705 B
862 1636 920 1706 C
986 1634 1655 1731 quantulocunque,
1710 1647 1785 1705 et
1813 1632 2117 1729 singulis
2162 1646 2445 1729 tempo-

365 1746 568 1819 ribus
619 1758 907 1820 tantum
963 1759 1240 1844 quanta
1298 1760 1412 1820 est
1470 1762 1679 1819 recta
1744 1747 1803 1818 E
1830 1747 1928 1818 H.
2032 1747 2277 1843 Atque
2339 1745 2443 1818 sic

367 1859 665 1954 quidem
699 1885 775 1933 se
809 1885 928 1934 res
977 1863 1225 1951 habet,
1286 1860 1666 1957 supposito
1717 1858 1914 1955 quod
1947 1860 2154 1933 navis
2188 1858 2442 1932 eadem

367 1973 745 2047 celeritate
814 1976 1090 2048 moveri
1141 1975 1375 2070 possit
1424 1972 1829 2047 lateraliter
1878 1998 1923 2045 a
1988 1973 2045 2044 B
2068 1974 2139 2045 A
2188 1995 2440 2045 versus

369 2089 435 2159 K
465 2088 553 2175 O,
611 2112 756 2183 qua
809 2088 1184 2162 celeritate
1240 2103 1578 2160 movetur
1640 2099 2058 2159 antrorsum
2122 2086 2200 2158 in
2264 2087 2320 2157 B
2350 2088 2438 2159 A.

368 2199 515 2272 Sed
546 2201 706 2272 fieri
739 2201 883 2274 hoc
918 2226 1067 2274 non
1101 2213 1372 2297 potest,
1403 2211 1711 2296 propter
1743 2199 1957 2271 molis
1981 2223 2190 2294 aquae
2226 2199 2440 2272 lateri

363 2313 750 2386 innitentis
784 2314 1305 2403 resistentiam,
1330 2338 1492 2409 quae
1522 2312 1819 2409 quidem
1846 2337 2000 2409 prae
2022 2312 2441 2385 resistentia

365 2427 676 2501 tantillae
731 2451 940 2523 aquae
993 2452 1234 2523 prorae
1288 2426 1673 2499 innitentis
1722 2450 1990 2521 magna
2048 2437 2183 2513 est,
2253 2423 2437 2498 adeo

365 2554 451 2614 ut
476 2540 682 2614 navis
716 2541 1233 2639 progrediatur
1259 2564 1508 2613 versus
1562 2539 1797 2613 latera
1822 2539 1941 2612 vix
1972 2538 2436 2613 sensibiliter.

367 2654 722 2727 Procedet
778 2679 953 2751 ergo
1008 2667 1367 2751 punctum
1406 2653 1463 2722 Β
1524 2652 1679 2724 fere
1727 2653 1803 2724 in
1860 2653 2018 2747 ipsa
2058 2665 2262 2724 recta
2294 2653 2351 2724 Β
2374 2654 2439 2725 A

364 2767 682 2840 faciente
744 2792 912 2840 cum
972 2780 1193 2841 vento
1261 2765 1612 2862 angulum
1673 2766 1740 2837 A
1766 2765 1823 2836 B
1848 2766 1907 2837 C
1974 2765 2441 2861 quantulum-

366 2904 698 2976 cunque;
752 2879 829 2953 id
862 2892 999 2969 est,
1033 2880 1186 2952 fere
1221 2880 1297 2950 in
1333 2890 1539 2950 recta
1567 2877 1627 2948 B
1656 2878 1757 2960 C;
1810 2876 1887 2949 id
1922 2890 2054 2964 est,
2090 2902 2222 2974 per
2247 2878 2440 2950 viam

365 2993 503 3066 viae
550 2994 914 3066 moventis
965 2993 1117 3065 fere
1175 2991 1664 3064 contrariam:
1721 2992 1919 3087 quod
1952 3004 2109 3064 erat
2145 2992 2442 3065 demon·

366 3106 772 3179 strandum.
876 3107 1194 3202 Oportet
1252 3118 1499 3178 autem
1554 3105 1799 3177 velum
1854 3105 1930 3177 in
1969 3105 2086 3177 BI
2137 3106 2245 3178 ita
2278 3118 2441 3177 ten-

364 3243 527 3292 sum
562 3242 742 3308 esse,
777 3231 863 3291 ut
897 3219 1138 3291 nullus
1173 3219 1250 3291 in
1280 3242 1366 3291 eo
1395 3218 1850 3312 relinquatur
1870 3218 2115 3300 sinus3
2168 3218 2439 3313 alioqui

367 3333 564 3403 enim
617 3343 842 3405 rectae
897 3331 1057 3420 LP,
1114 3331 1194 3402 M
1221 3331 1314 3419 Q,
1383 3331 1440 3402 Β
1467 3331 1533 3402 K
1589 3355 1741 3403 non
1790 3342 2009 3402 erunt
2042 3331 2184 3403 veli
2217 3331 2437 3426 plano

365 3444 1029 3542 perpendiculareS,
1065 3444 1193 3516 sed
1222 3443 1568 3516 cadentes
1603 3442 1794 3514 infra
1826 3442 1903 3531 P,
1942 3444 2036 3532 Q,
2078 3444 2144 3515 K
2179 3468 2440 3516 navem

366 3571 774 3631 retrorsum
842 3569 1087 3654 agent.
1226 3556 1373 3628 Sed
1438 3580 1571 3652 pro
1639 3555 1802 3629 velo
1876 3580 2051 3627 usus
2118 3581 2442 3653 appensa

366 3671 641 3759 tabula,
676 3695 810 3765 pro
845 3671 1014 3743 navi
1061 3669 1445 3766 plaustello
1499 3668 1682 3740 rotis
1734 3667 2015 3764 exiguis
2047 3667 2260 3758 fulto,
2301 3693 2434 3765 pro

367 3782 549 3856 mari
604 3783 1048 3878 pavimento,
1105 3784 1213 3856 ita
1244 3806 1497 3854 verum
1540 3782 1684 3854 hoc
1738 3794 2079 3877 expertus
2129 3806 2313 3871 sum,
2349 3795 2434 3855 ut

365 3897 488 3970 vix
548 3897 915 3993 potuerim
975 3896 1303 3969 tabulam
1358 3907 1580 3968 vento
1649 3894 1726 3966 in
1794 3893 2434 3992 quantulacunque

365 4010 801 4106 obliquitate
885 4033 1280 4106 opponere,
1367 4007 1547 4103 quin
1632 4007 1724 4079 ab
1803 4031 1889 4078 eo
1972 4007 2434 4101 plaustellum

364 4124 846 4218 abriperetur.

464 4236 575 4307 Ex
604 4234 859 4307 eodem
911 4234 1360 4306 theoremate
1397 4241 1442 4305 6
1479 4232 1791 4305 inveniri
1838 4244 2109 4329 potest,
2158 4245 2433 4328 quanto

363 4350 555 4422 ictus
589 4349 925 4444 obliquus
958 4348 1112 4420 ictu
1140 4345 1746 4442 perpendiculari,
1799 4346 2081 4419 caeteris
2116 4346 2432 4441 paribus,
