3182 5102
768 455 910 518 214
1252 467 1359 519 nu
1398 468 1908 521 RA‘rloman
1946 471 2333 523 Mormm.

415 639 594 690 PARS
618 638 725 689 111·
771 635 867 708 ad
899 632 1138 723 aliam,
1177 636 1237 708 E
1270 635 1342 708 H
1376 667 1395 719 ς
1450 647 1527 709 et
1573 661 1708 732 per
1766 637 2012 710 omnia
2056 648 2334 734 puncta
2386 634 2458 707 H
2514 633 2835 707 ducatur

534 705 609 756 17.

426 776 709 810 *ἥρ-ν
769 747 964 820 linea
992 749 1058 820 D
1081 749 1153 820 H
1180 749 1252 820 H
1282 748 1375 833 B;
1409 748 1983 846 habebimusque
2019 751 2390 823 trilineum
2412 749 2472 820 Β
2487 748 2559 819 H
2576 748 2648 819 H
2663 745 2831 832 DC,

381 844 658 893 Eorundem

378 910 638 971 figurarum

381 974 634 1036 descriptio

381 1044 430 1088 et
450 1038 711 1102 productio.

775 859 973 955 quod
1004 885 1188 934 voco
1224 885 1314 934 ex
1354 862 1596 935 media
1635 887 1831 946 una;
1886 863 2059 959 quia
2111 863 2188 935 in
2243 862 2478 934 tribus
2520 881 2834 956 propor-
2919 869 2934 888 “

775 973 1194 1063 tionalibuS,
1260 987 1347 1046 ut
1410 976 1470 1047 E
1494 977 1572 1064 F,
1635 976 1803 1061 EG,
1857 977 1917 1048 E
1944 977 2043 1064 H,
2110 975 2330 1048 unica
2390 986 2504 1047 est
2565 971 2833 1057 media,

773 1110 1037 1183 nempe
1069 1088 1129 1159 E
1152 1087 1256 1171 G;
1309 1100 1567 1184 estque
1596 1088 1968 1161 trilineum
2001 1089 2144 1162 hoc
2171 1082 2838 1185 parallelogrammi

776 1199 847 1293 ξ,
882 1224 1144 1296 nempe
1174 1201 1544 1296 parabola.
1649 1202 1929 1275 Rursus
1978 1203 2111 1275 fiat
2163 1213 2249 1274 ut
2298 1202 2358 1273 E
2382 1200 2446 1273 G
2494 1198 2590 1272 ad
2639 1200 2702 1270 E
2735 1198 2837 1284 H,

776 1314 881 1386 ita
913 1314 973 1385 E
998 1315 1070 1386 H
1106 1314 1202 1386 ad
1252 1313 1490 1396 aliam,
1543 1315 1604 1386 E
1632 1316 1666 1387 Ι
1699 1347 1718 1399 ;
1775 1315 2229 1410 ducaturque
2291 1314 2486 1387 linea
2535 1313 2595 1384 Β
2624 1312 2657 1382 I
2684 1311 2717 1382 I
2744 1310 2837 1396 D,

776 1426 1313 1523 habebiturque
1347 1427 1720 1500 trilineum
1756 1428 1816 1500 B
1842 1429 1933 1500 ΙΙ
1958 1428 2024 1501 D
2052 1428 2110 1500 C
2146 1427 2344 1524 quod
2379 1437 2493 1499 est
2523 1424 2841 1520 paralle-

777 1539 1162 1635 logrammi
1228 1550 1378 1612 tres
1446 1552 1752 1633 quartae,
1820 1551 2275 1635 vocaturque
2345 1564 2391 1611 a
2462 1535 2841 1609 nonnullis

778 1652 1127 1748 parabola
1158 1652 1438 1725 cubica.
1540 1653 1820 1726 Eodem
1851 1653 2071 1726 modo
2108 1653 2169 1725 si
2204 1652 2528 1725 rationes
2569 1651 2646 1723 in
2698 1650 2763 1721 E
2786 1650 2847 1721 F

781 1776 1089 1862 sumptae
1167 1765 1474 1838 ulterius
1558 1765 2106 1854 continuentur,
2196 1774 2575 1859 emergent
2650 1761 2844 1834 trili-

780 1900 921 1950 nea
970 1889 1240 1950 caetera
1302 1877 1662 1951 columnae
1715 1879 1993 1975 primae.
2099 1877 2321 1953 Quod
2374 1899 2631 1949 verum
2678 1897 2844 1947 esse

783 1989 1252 2063 ostendemus
1285 1990 1429 2063 hoc
1463 1991 1705 2065 modo.
1811 1993 2196 2064 Ducantur
2244 2002 2469 2064 rectae
2493 1989 2653 2062 basi
2680 1989 2751 2061 D
2784 1988 2845 2060 C

781 2103 1169 2199 parallelae,
1230 2115 1316 2176 ut
1380 2105 1452 2176 H
1480 2106 1572 2193 K,
1631 2105 1695 2178 G
1716 2106 1822 2188 L;
1909 2105 2255 2201 quoniam
2291 2127 2467 2200 ergo
2525 2103 2587 2174 E
2610 2102 2668 2173 F
2727 2112 2845 2173 est

785 2215 881 2288 ad
934 2216 994 2287 E
1024 2216 1096 2287 H
1164 2217 1242 2289 in
1310 2216 1678 2313 duplicata
1742 2217 2023 2290 ratione
2107 2217 2167 2288 E
2190 2218 2247 2288 F
2336 2216 2432 2288 ad
2484 2216 2544 2286 E
2566 2214 2630 2287 G
2690 2215 2845 2287 sive

788 2327 939 2400 BC
1008 2327 1103 2399 ad
1184 2328 1349 2417 BL,
1416 2328 1561 2401 hoc
1628 2339 1765 2417 est,
1837 2328 1986 2401 CD
2053 2328 2150 2401 ad
2210 2327 2380 2415 LG,
2435 2326 2587 2399 sive
2658 2327 2728 2397 K
2762 2324 2846 2397 M

787 2439 884 2512 ad
938 2440 1006 2511 K
1037 2440 1136 2524 H,
1195 2439 1337 2513 erit
1391 2441 1451 2512 Β
1482 2440 1541 2513 C
1607 2440 1703 2514 ad
1772 2442 1832 2513 Β
1856 2442 1924 2513 Κ
1992 2441 2068 2513 in
2125 2440 2498 2537 duplicata
2554 2439 2846 2511 ratione

790 2554 962 2626 ΚΜ
999 2551 1353 2638 adKH;
1408 2553 1538 2626 sed
1588 2566 1675 2627 ut
1727 2554 1873 2627 BC
1932 2553 2028 2627 ad
2089 2555 2268 2645 ΒΚ,
2330 2553 2440 2626 ita
2492 2553 2639 2626 DC
2690 2551 2846 2624 sive

790 2667 967 2739 KM
1003 2665 1099 2739 ad
1137 2667 1205 2738 K
1237 2666 1353 2750 N;
1409 2679 1522 2739 est
1556 2690 1732 2763 ergo
1770 2668 1946 2740 KM
2000 2666 2096 2739 ad
2146 2667 2308 2739 ΚΝ
2360 2666 2437 2739 in
2473 2665 2849 2761 duplicata

789 2779 1075 2852 ratione
1130 2779 1199 2851 K
1226 2780 1306 2852 M
1362 2779 1458 2853 ad
1513 2781 1579 2851 K
1614 2781 1686 2852 H
1719 2811 1738 2864 ;
1790 2779 2036 2876 idque,
2075 2781 2493 2875 ubicunque
2524 2790 2849 2874 ponatur

788 2904 995 2965 recta
1057 2891 1404 2988 parallela
1469 2893 1538 2965 K
1568 2893 1695 2978 M;
1766 2905 1877 2965 est
1949 2917 2125 2989 ergo
2194 2894 2434 2988 figura
2500 2893 2560 2964 Β
2589 2893 2661 2964 Η
2692 2892 2761 2964 D
2790 2890 2849 2963 C

791 3005 1013 3101 dupla
1047 3004 1562 3101 complementi
1597 3006 1708 3078 sui
1746 3007 1806 3078 Β
1838 3007 1910 3078 Η
1935 3007 2001 3078 D
2022 3007 2111 3095 A,
2167 3017 2242 3077 et
2271 3005 2582 3101 proinde
2616 3004 2849 3075 totius

788 3115 1452 3214 parallelogrammi
1478 3122 1545 3211 ξ.
1600 3117 1878 3190 Eodem
1906 3117 2126 3190 modo
2163 3118 2225 3189 si
2247 3117 2561 3189 ducatur
2586 3115 2847 3201 ΟΡΙΩ,

792 3228 1083 3303 ostendi
1116 3240 1364 3325 potest
1397 3229 1759 3302 rationem
1811 3230 1875 3302 O
1904 3230 1977 3304 Q
2027 3229 2121 3301 ad
2172 3229 2236 3301 O
2265 3228 2344 3318 P,
2395 3227 2475 3300 id
2509 3238 2645 3315 est,
2700 3228 2762 3300 Β
2792 3227 2851 3300 C

793 3342 890 3415 ad
951 3341 1011 3413 B
1033 3342 1123 3429 O,
1173 3341 1620 3437 triplicatam
1655 3365 1814 3414 esse
1847 3342 2154 3414 rationis
2210 3343 2275 3415 Ο
2300 3342 2373 3416 Q
2421 3341 2517 3413 ad
2566 3341 2630 3413 O
2654 3341 2714 3427 I,
2775 3350 2852 3413 et

792 3454 1102 3552 proinde
1135 3455 1448 3550 figuram
1485 3455 1545 3526 Β
1569 3455 1604 3526 Ι
1628 3454 1694 3527 D
1719 3454 1778 3527 C
1810 3478 1967 3527 esse
2004 3454 2299 3551 triplam
2334 3453 2852 3548 complementi

796 3567 909 3641 sui
971 3566 1031 3638 B
1055 3567 1089 3638 Ι
1115 3566 1181 3639 D
1204 3567 1294 3656 A,
1347 3578 1422 3638 et
1481 3589 1616 3663 per
1671 3590 2126 3662 consequens
2187 3567 2416 3640 totius
2469 3566 2854 3663 parallelo-

795 3679 1108 3777 grammi
1142 3690 1294 3752 tres
1323 3690 1647 3774 quartaS,
1685 3690 1826 3751 etc.

897 3791 1260 3881 Secundo,
1321 3804 1409 3864 ut
1459 3789 1970 3864 describantur
2020 3791 2314 3864 trilinea
2364 3815 2526 3888 quae
2563 3804 2736 3864 sunt
2779 3792 2855 3866 in

797 3905 1126 4002 quolibet
1193 3904 1535 3978 ordinum
1601 3915 2208 3993 transversorum,
2250 3904 2685 3982 faciendum
2743 3918 2859 3979 est

795 4020 938 4092 hoc
1004 4016 1248 4091 modo.
1388 4017 1502 4090 Sit
1566 4017 2327 4113 parallelogrammum
2401 4018 2509 4112 (in
2577 4019 2702 4114 fig.
2773 4020 2851 4112 3)

797 4132 867 4205 A
895 4131 955 4203 B
985 4132 1046 4204 C
1071 4131 1161 4218 D,
1199 4132 1407 4228 cujus
1443 4130 1849 4226 diagonalis
1886 4131 1946 4203 B
1977 4132 2043 4203 D
2075 4162 2094 4214 ;
2146 4131 2313 4204 volo
2350 4131 2426 4203 in
2461 4155 2549 4204 eo
2586 4131 2860 4204 descri-

796 4244 972 4318 bere
1028 4244 1345 4331 trilinea,
1409 4268 1573 4339 quae
1626 4244 1702 4316 in
1755 4245 2026 4318 tabella
2073 4246 2538 4343 praecedente
2572 4248 2860 4344 appello

799 4356 1093 4434 trilinea
1144 4381 1236 4428 ex
1272 4357 1532 4429 mediis
1568 4357 1828 4430 tribus,
1937 4359 2145 4432 Duco
2181 4359 2407 4456 igitur
2437 4359 2498 4430 E
2528 4360 2585 4432 F
2628 4360 2865 4457 paral,-
