3182 5102
636 460 776 525 xciv

1394 479 1544 520 VITA
1576 477 1734 521 THO·
1770 476 2049 520 nomn-28.

815 646 1016 733 Regia
1044 644 1295 709 conanti
1324 644 1563 709 calamo
1594 642 1932 707 defendere
1953 644 2119 728 jura,

896 783 1056 858 Quis
1085 782 1235 847 vitio
1265 795 1468 847 vertat
1498 774 1671 868 regia
1692 783 1840 866 jura
1870 777 2138 867 petens?

814 921 1102 985 Scribere
1131 921 1357 1006 cuique
1385 919 1505 983 fuit
1534 919 1808 996 libertas»,
1842 919 2012 1006 quod
2043 918 2162 982 sibi
2191 917 2391 981 visum

897 1055 1096 1134 Esset,
1129 1071 1425 1121 contento
1456 1056 1664 1120 vivere
1687 1078 1862 1120 more
1889 1054 2029 1120 loci.

809 1197 1165 1260 Leuiatltan
1187 1192 1426 1258 clerum
1453 1207 1518 1257 at
1549 1207 1751 1256 totum
1783 1192 1935 1255 mihi
1964 1190 2196 1255 fecerat
2226 1189 2459 1253 bostem
2483 1213 2502 1265 3

894 1332 1113 1395 Hostis
1147 1332 1519 1415 Theoloyum
1549 1334 1742 1395 nidus
1770 1339 2031 1415 uterque
2042 1331 2209 1414 fuit.

813 1464 977 1529 Nam
1007 1463 1159 1528 dum
1195 1464 1444 1551 Papalis
1478 1465 1687 1551 Regni
1719 1479 2037 1529 contrecto
2068 1478 2397 1538 tumorem,

894 1602 1051 1680 Hos,
1082 1601 1229 1668 licet
1254 1603 1573 1681 abscissos,
1604 1601 1837 1667 laedere
1867 1603 2032 1666 visus
2060 1624 2250 1666 eram.

811 1740 1053 1805 Contra
1082 1743 1457 1815 leviathan,
1490 1740 1713 1824 primo,
1746 1738 2024 1804 convicia
2051 1739 2352 1815 scribunt,

897 1875 984 1939 Et
1010 1897 1215 1952 causa,
1251 1889 1322 1940 ut
1351 1888 1526 1939 tanto
1556 1875 1698 1961 plus
1727 1875 2060 1962 legeretur,
2092 1890 2292 1941 erant.

811 2011 1082 2076 Firmius
1110 2010 1260 2075 inde
1288 2012 1479 2088 stetit,
1509 2034 1692 2098 spero
1721 2012 2035 2099 stabitque
2063 2034 2177 2098 per
2204 2033 2391 2077 omne

894 2147 1154 2226 AEmm,
1187 2147 1477 2212 defensus
1506 2148 1743 2214 viribus
1765 2149 1896 2234 ipse
1925 2149 2068 2213 suis.

807 2285 847 2349 J
850 2285 1078 2350 ustitiae
1110 2307 1425 2369 mensura,
1451 2298 1642 2372 atque
1667 2284 2027 2350 ambitionis
2054 2284 2370 2362 elenchuS,

898 2422 1145 2509 Regum
1176 2440 1311 2500 ane,
1343 2445 1467 2509 pax
1496 2421 1749 2508 populo,
1781 2421 1834 2486 si
1862 2420 2180 2499 doceatur,
2211 2422 2348 2486 erit.

808 2561 980 2625 Ante
1007 2559 1165 2626 duos
1193 2560 1454 2625 minima
1481 2560 1757 2645 praemisi
1787 2559 1952 2626 mole
1981 2559 2263 2638 libellos;

898 2697 1024 2762 Sed
1052 2719 1169 2762 nec
1200 2698 1360 2762 inest
1387 2698 1593 2783 parvis
1622 2697 1826 2784 gratia
1854 2719 2045 2784 parva
2072 2695 2268 2761 libris.

810 2831 979 2916 Ille†
1006 2832 1190 2899 docet
1217 2848 1424 2899 motus
1456 2834 1652 2900 animi
1681 2848 1746 2899 et
1773 2835 2207 2921 phantasmata
2228 2855 2460 2910 sensus,

895 2973 1034 3036 Nec
1060 2994 1246 3037 sanos
1264 2977 1524 3056 patitur
1550 2982 1802 3057 spectra
1832 2976 2051 3037 timere
2076 2975 2272 3037 viros.-

806 3102 990 3169 Alter
1009 3111 1046 3188 ss
1075 3121 1142 3171 at
1171 3106 1432 3193 Imperii
1460 3107 1846 3172 sanctissima
1864 3108 2015 3191 jura
2042 3104 2350 3192 repandit,

897 3241 1189 3329 Quaeque
1218 3243 1405 3309 rudes
1432 3245 1696 3331 populos
1725 3245 1974 3310 vincula
2000 3266 2175 3309 sacra
2203 3256 2437 3308 tenent.

810 3376 1102 3442 Tandem
1130 3379 1318 3443 etiam
1346 3378 1600 3445 absolvo
1628 3380 1857 3445 librum
1892 3384 1995 3446 De
2026 3384 2319 3466 Corpore,
2350 3380 2527 3464 cujus

896 3513 1198 3579 Materies
1227 3515 1412 3580 simul
1439 3531 1502 3581 et
1531 3516 1732 3582 forma
1757 3517 2137 3604 geometrica
2165 3532 2279 3582 est.

809 3650 998 3716 Tunc
1028 3652 1197 3716 venit
1225 3653 1290 3716 in
1320 3652 1543 3731 lucem,
1577 3669 1708 3719 tota
1735 3655 2074 3741 plaudente
2102 3671 2350 3720 caterva

893 3790 1412 3878 Algebristarum‚
1448 3792 1705 3857 Wallisii
1733 3794 2065 3881 algebrica‚

809 3927 928 3992 Illa
959 3928 1339 3994 Geometriae
1368 3931 1577 4014 pestis,
1610 3954 1753 4018 quae
1784 3947 2060 4019 coeperat
2087 3948 2233 3998 ante

899 4065 1119 4130 Annos
1149 4065 1287 4151 plus
1316 4081 1589 4145 centum,
1624 4092 1792 4133 nunc
1822 4085 1886 4134 et
1916 4071 2151 4158 ubique
2181 4071 2351 4136 furit.

830 4356 864 4415 1-
899 4352 1044 4400 Liber
1063 4353 1117 4399 de
1145 4353 1333 4401 Natura
1358 4354 1594 4403 Humana.
1887 4360 1913 4416 1
1948 4358 2054 4406 Lib.
2080 4360 2139 4407 de
2164 4359 2367 4422 Corpore
2391 4359 2610 4410 Politice.
