3182 5102
705 481 811 533 nn
853 479 1265 532 SENSIONE
1305 480 1404 531 ΕΤ
1442 478 1673 531 Mo'ru
1711 479 2096 531 ANIMALI.
2284 462 2416 527 321

368 644 472 718 ita
502 656 588 719 ut
618 645 817 719 aliud
856 647 947 719 ab
989 646 1132 719 alio
1169 645 1486 719 discerni
1529 646 1784 742 possit.
1873 647 1951 719 Si
1985 667 2429 742 supponere-
2502 644 2674 757 ΡΑῙὲξ
2710 641 2796 689 W·

367 783 531 832 mus
592 759 787 832 enim
852 782 1009 832 esse
1091 759 1486 847 hominem,
1565 759 1796 832 oculis
1858 758 2151 855 quidem
2213 757 2427 831 claris
2511 743 2784 816 ⁵-r'-·‘

369 873 795 969 caeterisque
861 872 1159 946 videndi
1226 871 1521 968 organis
1587 883 1787 944 recte
1855 896 1932 944 se
1997 870 2432 944 habentibus

371 989 880 1084 compositum,
937 987 1139 1062 nullo
1208 998 1452 1059 autem
1517 985 1663 1057 alio
1731 1008 1948 1058 sensu
2012 983 2427 1081 praeditum,

372 1123 683 1198 eumque
719 1100 813 1174 ad
858 1101 1164 1174 eandem
1213 1125 1368 1173 rem
1420 1099 1679 1173 eodem
1732 1122 2015 1196 semper
2065 1097 2309 1171 colore
2361 1108 2435 1170 et

372 1214 613 1308 specie
655 1216 811 1289 sine
854 1214 1006 1288 ulla
1050 1215 1166 1288 vel
1219 1214 1520 1288 minima
1557 1213 1907 1286 varietate
1962 1222 2433 1309 apparentem

374 1327 760 1400 obversum
820 1351 1001 1417 esse,
1056 1328 1235 1401 mihi
1293 1338 1514 1417 certe,
1576 1326 1924 1423 quicquid
1983 1325 2231 1398 dicant
2287 1326 2432 1414 alii,

371 1464 522 1513 non
557 1441 791 1537 magis
824 1441 1073 1514 videre
1106 1441 1497 1529 videretur,
1548 1464 1766 1536 quam
1802 1464 1938 1536 ego
1972 1439 2227 1512 videor
2256 1439 2437 1511 mihi

371 1578 505 1649 per
526 1565 766 1627 tactus
801 1579 1079 1651 organa
1111 1554 1379 1627 sentire
1415 1554 1861 1626 lacertorum
1895 1577 2224 1626 meorum
2250 1576 2435 1625 ossa.

372 1667 484 1739 Ea
537 1679 784 1741 tamen
837 1680 1192 1765 perpetuo
1255 1679 1330 1741 et
1380 1667 1849 1764 undiquaque
1896 1667 2442 1741 sensibilissima

373 1781 798 1854 membrana
836 1781 1385 1878 continguntur.
1486 1781 1907 1854 Attonitum
1958 1804 2115 1853 esse
2167 1791 2241 1853 et
2289 1780 2440 1852 for-

377 1904 573 1966 tasse
599 1906 972 1991 aspectare
1000 1919 1191 1984 eum,
1221 1895 1350 1968 sed
1375 1905 1793 1990 stupentem
1822 1893 2162 1983 dicerem,
2191 1894 2438 1967 videre

376 2031 528 2080 non
575 2008 933 2092 dicerem;
997 2008 1182 2083 adeo
1236 2009 1507 2082 sentire
1560 2031 1844 2104 semper
1892 2008 2111 2098 idem,
2165 2019 2241 2081 et
2287 2031 2439 2081 non

378 2121 671 2209 sentire,
707 2121 804 2194 ad
835 2121 1030 2194 idem
1062 2122 1424 2194 recidunt.

477 2241 549 2306 6.
602 2235 861 2331 Neque
914 2259 1088 2309 vero
1153 2236 1516 2332 permittit
1573 2248 1836 2310 natura
1909 2237 2289 2327 sensionis,
2357 2247 2442 2309 ut
2468 2245 2807 2323 qutempore

376 2347 623 2443 plures
688 2372 804 2422 res
871 2349 1085 2421 simul
1152 2350 1613 2434 sentiantur3
1688 2374 1854 2422 cum
1921 2350 2116 2422 enim
2182 2361 2445 2423 natura
2466 2326 2764 2440 {ffiutssma

380 2462 737 2536 sensionis
773 2463 1126 2537 consistat
1156 2464 1235 2537 in
1267 2476 1502 2551 motu,
1548 2463 1723 2536 dum
1764 2488 2040 2560 organa
2085 2464 2445 2538 sentiendi

381 2578 473 2650 ab
539 2602 689 2651 uno
756 2578 999 2674 aliquo
1069 2580 1360 2676 objecto
1429 2590 1907 2675 occupantur,
1975 2580 2067 2651 ab
2135 2578 2276 2651 alio
2345 2578 2449 2650 ita

381 2693 658 2764 moveri
703 2716 854 2766 non
902 2705 1233 2789 possunt,
1295 2705 1379 2766 ut
1432 2694 1524 2766 ab
1576 2705 1892 2789 utroque
1944 2706 2153 2766 motu
2218 2716 2447 2765 unum

381 2805 817 2900 phantasma
849 2829 1237 2903 syncerum
1271 2807 1552 2880 oriatur
1582 2806 1990 2902 utriusque.
2068 2807 2240 2880 Non
2266 2807 2447 2879 fient

383 2942 560 3014 ergo
624 2918 769 2992 duo
835 2920 1347 3016 phantasmata
1404 2920 1718 2992 duorum
1779 2922 2257 3017 objectorum,
2318 2918 2447 2992 sed

383 3055 612 3104 unum
648 3057 737 3105 ex
771 3033 1152 3106 amborum
1186 3034 1474 3107 actione
1509 3034 1929 3107 conflatum.

485 3146 845 3219 Praeterea
889 3146 1078 3219 sicut
1131 3147 1459 3243 corporis
1502 3157 1576 3219 et
1616 3147 1761 3220 loci
1811 3171 1960 3220 una
2014 3149 2100 3220 fit
2158 3147 2443 3236 divisio,

385 3257 570 3331 adeo
617 3269 700 3330 ut
754 3259 816 3330 si
867 3258 1080 3354 plura
1123 3283 1462 3331 numeres
1517 3283 1849 3354 corpora,
1896 3261 2106 3356 plura
2161 3283 2447 3355 quoque

386 3371 794 3444 necessario
829 3371 992 3444 loca
1022 3372 1463 3463 numerabiS,
1491 3383 1566 3445 et
1599 3385 1877 3462 contra,
1908 3385 1994 3447 ut
2028 3374 2263 3469 capite
2298 3395 2448 3446 vn.

388 3483 831 3557 declaratum
869 3496 1022 3568 est;
1076 3485 1180 3557 ita
1222 3508 1511 3580 quoque
1560 3485 1647 3557 fit
1692 3485 1768 3557 in
1803 3485 2158 3559 divisione
2209 3496 2451 3557 motus

386 3609 462 3671 et
525 3597 900 3693 temporis,
966 3609 1053 3671 ut
1119 3598 1404 3694 quoties
1467 3598 1713 3693 plures
1783 3598 2118 3673 dicantur
2184 3610 2450 3686 motuS,

385 3711 605 3785 toties
671 3710 886 3807 plura
952 3735 1246 3808 quoque
1311 3721 1667 3807 tempora,
1753 3722 1827 3783 et
1894 3712 2178 3808 quoties
2242 3711 2454 3808 plura

388 3824 726 3897 dicantur
757 3834 1112 3919 tempora,
1136 3824 1355 3896 toties
1379 3823 1626 3919 plures
1661 3835 1901 3896 motus
1931 3825 2449 3919 intelligantur.

390 3938 582 4010 Nam
643 3936 781 4010 etsi
840 3938 959 4034 obj
968 3948 1213 4011 ectum
1264 3938 1719 4033 variegatum
1771 3938 2170 4028 videamuS,
2223 3961 2453 4010 unum

387 4062 633 4123 tamen
669 4062 780 4123 est
813 4051 1181 4148 objectum
1211 4051 1692 4148 variegatum,
1734 4076 1883 4124 non
1919 4053 2036 4149 obj
2045 4063 2207 4125 ecta
2229 4051 2451 4123 varia.

490 4163 796 4237 Accedit
858 4188 1171 4261 quoque,
1235 4164 1432 4260 quod
1493 4164 1668 4237 dum
1735 4165 1859 4238 illa
1916 4189 2214 4261 organa,
2292 4188 2454 4260 quae

392 4277 716 4351 omnium
769 4300 1114 4350 sensuum
1164 4290 1337 4351 sunt
1387 4278 1825 4368 communia,
1886 4278 2135 4376 quales
2186 4289 2357 4351 sunt
2410 4302 2456 4350 a

391 4391 755 4465 radicibus
822 4414 1213 4464 nervorum
1257 4391 1344 4463 ¹in
1400 4391 1818 4465 hominibus
1886 4417 2117 4490 usque
2173 4391 2268 4464 ad
2328 4415 2455 4465 cor

591 4526 777 4577 VOL.
816 4527 870 4577 1.
2203 4528 2254 4579 Y
