3182 5102
1143 483 1250 533 DE
1289 482 1721 533 METHono.
2378 464 2464 542 71

388 650 611 723 verba
671 650 766 722 ad
834 647 1441 744 significandum:
1498 647 1749 743 itaque
1810 646 2032 719 homo
2099 647 2469 720 solitarius
2536 659 2712 772 PAlgS
2751 661 2791 707 Ι-

385 763 865 860 philosophus
921 762 1079 834 fieri
1138 761 1297 834 sine
1351 762 1709 857 magistro
1763 772 2034 857 potest.
2139 759 2468 832 Adamus
2542 760 2788 828 κ-ξ-κ

385 877 653 973 potuit.
761 875 909 948 Sed
970 874 1262 962 docere,
1318 873 1462 946 hoc
1526 885 1643 946 est
1698 873 2231 963 demonstrare,
2295 897 2467 969 sup-

387 989 598 1086 ponit
632 989 841 1077 duos,
878 987 1436 1082 orationemque
1476 986 2028 1083 syllogisticam.

494 1112 605 1175 12.
663 1102 1035 1176 Quoniam
1081 1111 1332 1172 autem
1369 1100 1637 1172 docere
1673 1099 1875 1172 aliud
1927 1123 2080 1173 non
2115 1111 2229 1172 est
2282 1123 2469 1195 prae-
2497 1111 2872 1162 Demonstrandi

386 1227 725 1310 terquam
757 1238 891 1309 per
923 1213 1243 1310 propriae
1300 1212 1750 1285 inventionis
1784 1212 2100 1309 vestigia
2142 1212 2469 1287 animum
2495 1179 2880 1292 Ξῖἷιῑιοῖᾱὲἷιῗγὼ

387 1327 581 1399 illius
617 1326 743 1421 qui
779 1325 1155 1399 docendus
1191 1336 1305 1398 est
1333 1325 1430 1397 ad
1466 1324 1937 1397 inventorum
1968 1325 2470 1421 cognitionem

386 1444 815 1540 perducere,
886 1442 1145 1515 eadem
1213 1441 1357 1514 erit
1435 1440 1829 1514 methodus
1914 1442 2470 1516 demonstrandi

389 1580 552 1651 quae
586 1555 830 1628 fuerat
886 1553 1405 1650 investigandi,
1457 1554 1602 1626 nisi
1656 1554 1858 1650 quod
1910 1578 2083 1650 pars
2137 1555 2470 1629 methodi

387 1669 589 1765 prior
646 1692 910 1764 nempe
968 1692 1134 1763 quae
1185 1667 1636 1764 procedebat
1694 1692 1740 1740 a
1795 1691 2014 1741 sensu
2065 1692 2313 1741 rerum
2372 1670 2467 1742 ad

387 1781 750 1878 principia
814 1780 1260 1854 universalia
1329 1780 1743 1854 omittenda
1808 1782 1926 1855 sit.
2041 1783 2178 1856 Illa
2244 1783 2463 1872 enim,

389 1919 556 1968 cum
610 1895 759 1967 sint
811 1894 1198 1991 principia,
1257 1894 1749 1967 demonstrari
1801 1920 1953 1968 non
2008 1911 2341 1993 possunt,
2390 1910 2465 1969 et

392 2032 558 2080 cum
593 2008 744 2081 sint
777 2019 960 2080 nota
991 2020 1303 2096 naturae,
1367 2006 1484 2100 (ut
1512 2006 1796 2079 dictum
1848 2020 1963 2081 est
2016 2033 2239 2106 supra
2291 2010 2469 2083 arti-

390 2122 553 2195 culo
601 2122 894 2217 quinto)
951 2120 1442 2217 explicatione
1501 2120 1800 2217 quidem
1855 2134 2102 2218 egent,
2164 2122 2467 2197 demon-

387 2234 746 2307 stratione
815 2258 967 2307 non
1036 2234 1238 2306 item.
1358 2234 1552 2306 Tota
1617 2234 1846 2329 igitur
1914 2234 2466 2309 demonstrandi

388 2347 778 2420 methodus
832 2347 1252 2444 synthetica
1307 2358 1444 2437 est,
1503 2347 1915 2420 consistens
1975 2347 2052 2421 in
2109 2349 2464 2423 orationis

390 2460 647 2532 ordine
710 2459 1134 2558 incipientis
1202 2484 1248 2532 a
1312 2459 1943 2557 propositionibus
1997 2461 2255 2557 primis
2312 2462 2464 2535 sive

389 2573 1026 2647 universalissimis
1077 2598 1212 2671 per
1267 2597 1345 2646 se
1399 2573 1819 2663 intellectiS‚
1856 2587 1933 2648 et
1965 2599 2098 2671 per
2129 2578 2466 2673 proposi-

392 2686 677 2759 tionum
719 2687 800 2759 in
844 2687 1304 2784 syllogismos
1360 2698 1798 2783 perpetuam
1854 2690 2466 2785 compositionem

390 2798 885 2893 procedentiS‚
922 2799 1159 2872 donec
1193 2824 1239 2871 a
1274 2799 1606 2872 discente
1635 2800 2015 2874 intellecta
2035 2803 2133 2875 sit
2167 2804 2466 2876 conclu-

383 2910 618 2984 sionis
647 2912 980 3007 quaesitae
1013 2902 1326 2985 veritaS.'

498 3034 610 3097 13.
667 3024 1036 3121 Principia
1068 3037 1318 3098 autem
1371 3025 1519 3114 illa,
1559 3026 1733 3098 solae
1769 3027 2234 3102 definitiones
2272 3041 2469 3121 sunt,
2496 3038 2814 3086 Definitiones

394 3161 701 3232 quarum
760 3138 906 3211 duo
962 3150 1136 3211 sunt
1189 3161 1488 3234 genera,
1543 3138 1689 3211 alia
1735 3141 1933 3213 enim
1986 3154 2161 3215 sunt
2216 3167 2471 3216 eorum
2494 3104 2842 3244 ζῗέῗοῖῗιέἶηεε

391 3251 941 3341 vocabulorum,
1007 3275 1172 3347 quae
1234 3274 1352 3323 res
1407 3251 1830 3346 significant
1885 3278 2193 3350 quarum
2252 3280 2473 3328 causa
2493 3249 2803 3347 ξζξζξδὼε,

391 3364 637 3460 aliqua
691 3364 1006 3461 intelligi
1061 3376 1352 3461 potest;
1407 3365 1552 3437 alia
1600 3389 1855 3439 eorum
1918 3393 2081 3464 quae
2142 3393 2261 3443 res
2324 3370 2469 3466 sig-

392 3478 699 3550 nificant
734 3501 1044 3572 quarum
1095 3503 1318 3551 causa
1366 3477 1682 3575 intelligi
1736 3504 1885 3553 non
1939 3495 2209 3578 potest.
2315 3484 2472 3556 Pri-

395 3590 543 3662 oris
597 3591 890 3687 generis
948 3602 1123 3663 sunt
1177 3615 1445 3687 corpus
1502 3591 1656 3664 sive
1705 3595 2036 3685 materia,
2096 3597 2471 3690 quantitas

394 3703 546 3775 sive
627 3703 986 3794 extensio,
1060 3715 1306 3777 motus
1387 3704 1839 3801 simpliciter,
1920 3708 2235 3804 denique
2310 3733 2472 3804 quae

393 3817 594 3889 omni
680 3818 1010 3889 materiae
1084 3817 1360 3890 insunt.
1518 3819 1839 3892 Secundi
1915 3822 2209 3916 generis
2297 3836 2471 3895 sunt

396 3953 662 4026 corpus
729 3930 900 4019 tale,
983 3943 1228 4003 motus
1297 3931 1466 4003 talis
1537 3944 1614 4004 et
1682 3944 1958 4024 tantuS,
2035 3936 2469 4032 magnitudo

397 4053 629 4132 tanta,
700 4043 867 4116 talis
930 4044 1193 4140 figura,
1261 4044 1548 4140 aliaque
1619 4046 1866 4119 omnia
1927 4047 2192 4143 quibus
2239 4074 2469 4121 unum

396 4179 661 4251 corpus
708 4155 800 4228 ab
855 4156 999 4229 alio
1047 4156 1405 4253 distingui
1455 4170 1725 4253 potest.
1860 4159 2131 4233 Prioris
2176 4162 2469 4258 generis

395 4268 700 4341 nomina
777 4269 954 4342 satis
1033 4267 1485 4343 definiuntur
1562 4272 1625 4344 si
1704 4273 2037 4349 oratione
2116 4289 2469 4371 quantum
