3182 5102
386 632 470 681 ΡΑ
481 631 561 678 Rs
587 631 672 680 1v.

497 697 576 744 26.

410 767 656 801 *sp-as

386 839 546 885 Causa
568 853 658 885 ωε-

385 912 521 950 tuum
548 902 727 950 oceani.

754 449 895 512 358
1598 465 1978 517 PHYsmA.

754 629 789 702 l
807 628 850 701 b
871 631 917 702 k
940 656 982 701 c
1036 631 1110 701 in
1158 630 1361 703 horis
1406 640 1493 705 12
1533 633 1756 727 paulo
1792 633 2129 728 ampliuS,
2165 653 2427 727 nempe
2460 630 2643 702 min.
2680 629 2843 701 fere

754 751 875 831 26,
911 742 989 815 id
1023 753 1159 831 est,
1184 743 1533 816 circuitus
1556 745 1780 818 faciet
1810 746 1993 819 duos
2029 744 2106 817 in
2127 744 2329 817 horis
2364 754 2487 832 24,
2523 742 2842 815 minutis

753 855 904 927 fere
943 864 1060 928 52.
1162 856 1484 937 Tantum
1529 871 1779 932 autem
1832 859 2302 933 observatum
2355 869 2469 930 est
2524 882 2685 929 esse
2744 856 2842 927 ab

753 979 940 1041 aestu
994 991 1278 1042 summo
1334 971 1429 1043 ad
1482 985 1745 1046 aestum
1799 997 2163 1046 summum
2227 971 2370 1044 diei
2430 970 2840 1066 sequentis.

755 1082 1065 1178 Objecta
1117 1106 1294 1178 ergo
1351 1108 1707 1180 aquarum
1753 1087 2000 1160 cursui
2040 1109 2211 1180 pars
2245 1084 2604 1156 Americae
2640 1086 2842 1155 Aus-

755 1194 961 1267 tralis
1015 1195 1237 1267 faciet
1295 1196 1732 1296 interrumpi
1800 1223 2050 1272 earum
2120 1211 2402 1271 motum
2462 1195 2558 1268 ad
2608 1197 2841 1268 litora

754 1308 1112 1380 Americae
1175 1308 1561 1399 AustraIiS,
1638 1326 1736 1400 et,
1804 1335 1937 1407 per
2005 1333 2480 1406 consequenS,
2551 1309 2630 1380 in
2684 1307 2841 1379 illis

755 1420 935 1492 locis
1005 1420 1271 1493 elevari
1325 1447 1577 1518 aquas,
1638 1437 1713 1495 et
1777 1447 2030 1496 rursus
2090 1422 2392 1519 propria
2461 1421 2840 1517 gravitate

754 1534 1096 1623 residere,
1153 1535 1266 1606 bis
1322 1536 1400 1607 in
1436 1537 1675 1633 spatio
1723 1547 1815 1610 24
1868 1537 2217 1609 horarum
2261 1551 2340 1608 et
2371 1534 2838 1607 minutorum

759 1656 873 1719 52.
980 1646 1459 1721 Reddidimus
1494 1673 1671 1744 ergo
1708 1673 2002 1722 causam
2035 1648 2455 1744 possibilem
2503 1647 2838 1743 recipro-

755 1760 1065 1833 cationis
1118 1762 1399 1833 oceani
1425 1762 1731 1835 diurnae.
1836 1762 1902 1834 A
1945 1773 2233 1835 tumore
2268 1761 2525 1834 oceani
2560 1761 2638 1833 in
2684 1760 2838 1832 illis

756 1888 972 1947 terrae
1023 1875 1380 1971 partibuS,
1419 1890 1826 1949 nascuntur
1858 1876 2082 1948 maris
2117 1875 2499 1963 Atlantici,
2556 1873 2837 1968 Hispa-

752 1987 923 2077 nici,
964 1988 1394 2079 Britannici,
1427 2001 1502 2061 et
1542 1989 1959 2062 Germanici
1992 2004 2328 2061 accessus
2363 1999 2439 2059 et
2470 2009 2833 2073 recessus,

754 2100 974 2174 maris
1028 2102 1205 2173 stati
1240 2102 1560 2198 quidem,
1619 2103 1750 2176 sed
1800 2126 1934 2198 pro
1980 2102 2337 2174 varietate
2398 2101 2702 2173 litorum
2751 2101 2832 2172 in

753 2211 1056 2286 diversis
1079 2213 1223 2287 diei
1243 2215 1444 2288 horis
1469 2247 1487 2298 ;
1525 2228 1602 2288 et
1626 2216 2001 2312 aliquanto
2032 2215 2254 2288 etiam
2280 2214 2503 2303 aucti,
2523 2225 2837 2309 propter

754 2326 1046 2420 objecta
1095 2327 1317 2400 litora
1370 2329 1811 2402 Simensium
1856 2342 1932 2401 et
1965 2329 2467 2415 Tartarorum,
2505 2326 2635 2398 ubi
2669 2351 2833 2399 sur-

751 2440 994 2534 gentis
1030 2464 1240 2536 aquae
1282 2465 1454 2537 pars
1491 2442 1879 2515 divertitur
1933 2466 2065 2538 per
2123 2443 2397 2514 fretum
2448 2440 2696 2512 Anian
2754 2441 2829 2511 in

650 2545 657 2550 ’
753 2577 952 2625 mare
1003 2554 1590 2650 septentrionale
1638 2554 2145 2651 redundatque
2177 2555 2254 2626 in
2293 2577 2493 2627 mare
2528 2554 2831 2626 Germa-

329 4282 489 4329 Causa
536 4343 547 4356 .
618 4343 629 4356 ⁰

327 4358 657 4410 praecemoms

331 4410 725 4475 aequinoxium.

752 2667 1001 2739 nicum
1035 2692 1080 2739 a
1112 2690 1322 2764 parte
1355 2668 1656 2742 boreali.
2504 2732 2510 2737 .

854 2779 1092 2853 Causa
1144 2793 1392 2854 autem
1453 2804 1678 2876 quare
1731 2781 2044 2853 maxime
2098 2780 2445 2852 tumescit
2496 2801 2700 2849 mare
2755 2779 2832 2849 in

755 2893 1145 2966 noviluniis
1203 2906 1279 2966 et
1334 2895 1409 2966 in
1454 2894 1901 2991 pleniluniiS,
1953 2905 2066 2966 est
2110 2904 2356 2965 motus
2409 2891 2556 2978 ille,
2609 2915 2831 2986 quem

755 3006 892 3078 sibi
935 3007 1316 3102 proprium
1370 3017 1446 3078 et
1500 3007 1904 3103 simplicem
1950 3009 2172 3080 etiam
2222 3005 2416 3077 lunae
2465 3005 2557 3076 ab
2611 3004 2832 3077 initio

755 3144 845 3191 ex
878 3119 1271 3214 hypothesi
1305 3120 1803 3193 attribuimus.
1908 3120 2135 3216 Cujus
2171 3131 2418 3191 motus
2456 3118 2533 3189 in
2568 3118 2721 3189 sole
2756 3130 2836 3189 et

752 3232 928 3304 luna
953 3232 1106 3327 poli
1136 3246 1310 3305 sunt
1344 3233 1567 3306 iidem
1601 3257 1770 3306 cum
1796 3232 1985 3329 polis
2020 3230 2575 3328 aequinoctialis.
2658 3231 2831 3303 Quo

755 3346 1161 3441 supposito,
1200 3348 1552 3443 sequitur,
1590 3347 1939 3443 quoniam
1986 3346 2118 3428 sol,
2159 3345 2336 3417 luna
2387 3355 2464 3417 et
2516 3345 2832 3415 terrain

755 3459 1096 3530 omnibus
1152 3459 1545 3532 noviluniis
1602 3471 1676 3531 et
1732 3458 2149 3555 pleniluniis
2204 3469 2377 3530 sunt
2429 3457 2506 3528 in
2571 3456 2832 3528 eadem

751 3570 905 3643 fere
930 3583 1136 3643 recta
1167 3571 1384 3661 linea,
1419 3583 1505 3643 ut
1547 3584 1794 3644 motus
1822 3572 1942 3643 hic
1978 3583 2195 3644 terrae
2227 3569 2552 3643 velocior
2583 3571 2716 3642 fiat
2751 3570 2829 3641 in

753 3684 1145 3757 noviluniis
1207 3696 1282 3758 et
1349 3684 1769 3781 pleniluniis
1839 3708 2059 3780 quam
2124 3686 2202 3756 in
2270 3683 2826 3779 quadrantibus.

753 3797 946 3869 Nam
980 3809 1225 3870 motus
1260 3797 1380 3871 hic
1416 3797 1588 3870 solis
1624 3809 1700 3870 et
1750 3788 1943 3870 lunae
1992 3797 2573 3870 communicatus
2609 3810 2830 3868 terrae

751 3921 1038 3982 motum
1096 3908 1290 3981 illius
1351 3909 1664 3981 similem
1732 3910 2141 3982 necessario
2202 3920 2449 4004 auget,
2510 3908 2831 3981 maxime

753 4034 1002 4095 tamen
1071 4046 1239 4094 cum
1295 4034 1470 4095 sunt
1518 4022 1598 4094 in
1658 4022 1915 4095 eadem
1959 4023 2154 4095 linea
2201 4035 2445 4105 recta;
2497 4021 2574 4093 id
2627 4018 2831 4116 quod

756 4135 1123 4232 contingit
1156 4135 1234 4208 in
1267 4134 1662 4208 noviluniis
1697 4147 1771 4208 et
1802 4136 2219 4231 pleniluniis
2255 4136 2449 4208 solia

866 4259 978 4322 ll.
1032 4248 1154 4320 Ad
1209 4272 1507 4322 causam
1569 4250 2076 4346 explicandam
2128 4247 2634 4345 praecessionis
2697 4272 2830 4320 an-

753 4386 919 4437 nuae
943 4374 1387 4458 punctorum
1414 4364 2060 4459 aequinoctialium,
2088 4363 2502 4436 meminisse
2531 4374 2834 4457 oportet
