3182 5102
637 405 772 468 134
1219 416 1784 469 PfflLOSOPHIA
1823 416 2112 467 ΡΒΙΜΑ.

251 592 424 642 PARS
460 592 532 640 11
630 583 910 671 eadem,
947 594 1024 655 et
1054 583 1366 679 proinde
1401 584 1468 657 A
1505 584 1590 657 B.
1628 584 1695 657 A
1732 584 1846 658 C.
1874 583 1997 656 :A
2024 584 2110 655 E.
2134 582 2201 655 A
2238 582 2295 654 F
2328 592 2505 655 sunt
2531 597 2708 677 pro-

271 728 518 761 ω-τ--ν
629 696 1105 794 portionaleS,
1143 697 1343 792 quod
1378 709 1492 770 est
1524 697 1866 793 primum.

237 796 542 908 A¹¹⁸¹⁰8³J¹¹⁰3
735 809 1075 882 Secundo
1152 809 1540 902 (sumendo
1618 808 2143 882 antecedentes
2232 807 2311 880 in
2402 806 2709 880 diversis

239 877 564 910 llllllllll

239 928 343 989 ε3υ
289 927 589 989 udemseo·
631 921 876 1016 lineis)
930 921 1096 994 dico
1152 921 1221 993 A
1267 922 1350 995 Β.
1406 923 1476 995 Α
1515 924 1635 995 E:
1663 922 1786 994 :A
1836 922 1917 996 C.
1958 922 2027 994 A
2083 922 2138 994 F
2192 944 2350 994 esse
2400 943 2708 1016 propor-

238 993 397 1104 ἒῖᾱζῃε
384 991 586 1105 οιῗηᾱιξ-
634 1035 994 1119 tionales;
1050 1059 1220 1107 cum
1253 1035 1452 1108 enim
1483 1037 1553 1109 A
1589 1036 1676 1126 Β,
1705 1037 1775 1109 Α
1807 1038 1868 1109 Ε
1903 1036 2422 1109 describuntur
2450 1033 2712 1106 eodem

239 1137 291 1170 ¹¹¹
293 1124 441 1186 σοφὴ
414 1137 535 1169 ⁰⁸⁶⁰⁸
637 1161 992 1245 tempore,
1028 1149 1336 1223 rationis
1378 1175 1600 1245 quam
1644 1150 1923 1223 habent
1955 1150 2151 1222 inter
2184 1172 2263 1221 se
2300 1171 2522 1220 causa
2556 1145 2713 1219 sola

636 1274 751 1335 est
802 1261 1220 1336 differentia
1251 1263 1731 1337 velocitatum
1783 1263 2049 1360 quibus
2084 1273 2262 1335 sunt
2295 1260 2712 1355 descriptae.

632 1375 842 1448 Idem
876 1375 1272 1448 dicendum
1322 1388 1436 1450 est
1482 1377 1574 1450 de
1612 1377 1900 1450 ratione
1933 1375 2002 1447 A
2038 1375 2099 1449 C
2147 1374 2243 1447 ad
2277 1374 2346 1446 A
2383 1373 2459 1446 F.
2566 1371 2714 1444 Sed

634 1513 803 1561 cum
822 1500 1136 1583 utraque
1156 1487 1352 1562 linea
1372 1490 1442 1562 A
1454 1490 1546 1579 D,
1559 1490 1703 1564 AG
1722 1488 2192 1562 uniformiter
2212 1497 2711 1583 percurratur,

634 1602 894 1675 eadem
942 1601 1085 1673 erit
1118 1601 1599 1675 velocitatum
1651 1603 2071 1676 differentia
2120 1601 2386 1697 quibus
2437 1599 2711 1672 descri-

631 1715 912 1787 buntur
944 1714 1013 1786 A
1049 1713 1135 1803 B,
1169 1714 1239 1786 A
1273 1715 1357 1802 E,
1395 1739 1560 1812 quae
1612 1727 1727 1789 est
1778 1715 2195 1788 differentia
2234 1713 2713 1787 velocitatum

637 1827 903 1923 quibus
954 1826 1476 1900 describuntur
1508 1829 1578 1901 A
1614 1828 1697 1917 C,
1733 1827 1802 1899 A
1839 1828 1915 1900 F.
2026 1827 2305 1900 Eadem
2365 1849 2543 1922 ergo
2600 1836 2714 1898 est

636 1964 859 2014 causa
920 1939 1423 2014 determinans
1483 1942 1851 2014 rationem
1906 1940 1973 2013 A
2022 1941 2083 2014 B
2139 1940 2233 2013 ad
2286 1940 2356 2012 A
2406 1941 2493 2025 E,
2549 1963 2714 2035 quae

636 2054 1083 2138 determinat
1115 2054 1481 2127 rationem
1515 2055 1584 2127 A
1607 2055 1668 2129 C
1693 2055 1788 2128 ad
1809 2055 1879 2127 A
1907 2055 1986 2127 F.
2092 2055 2283 2128 Sunt
2316 2077 2493 2149 ergo
2530 2053 2599 2125 A
2626 2053 2710 2126 B.

634 2168 704 2240 A
748 2169 810 2240 E
848 2195 911 2239 :t
950 2167 1019 2239 A
1072 2167 1154 2240 C.
1218 2168 1287 2240 A
1337 2168 1395 2239 F
1445 2168 2062 2265 proportionaleS,
2125 2167 2326 2264 quod
2382 2166 2714 2239 restabat

633 2280 1125 2377 probandum.

740 2393 1010 2467 Coroll.
1056 2403 1118 2466 l.
1207 2394 1286 2466 Si
1314 2395 1465 2469 sint
1502 2407 1825 2492 quatuor
1852 2393 2459 2492 proportionalia,
2496 2405 2715 2466 erunt

639 2530 933 2604 quoque
952 2509 1442 2604 permutando
1460 2509 1634 2603 (hoc
1656 2520 1771 2583 est
1790 2508 2341 2605 transponendo
2359 2508 2715 2582 terminos

637 2621 951 2716 medios)
1007 2623 1614 2718 proportionalia.
1717 2625 1852 2697 Est
1900 2623 2092 2696 enim
2138 2634 2517 2696 ostensum
2561 2646 2712 2695 non

637 2734 857 2807 modo
885 2735 955 2807 A
977 2735 1145 2807 B.A
1173 2735 1231 2807 C
1261 2763 1278 2805 ε
1308 2765 1324 2807 :
1356 2736 1519 2808 AE.
1541 2737 1702 2826 AF,
1731 2736 1862 2809 sed
1883 2736 2107 2809 etiam
2130 2735 2712 2833 (permutando)

637 2847 706 2919 A
741 2846 827 2935 B,
864 2845 931 2918 A
965 2846 1027 2917 E
1065 2874 1082 2918 ε
1112 2874 1130 2918 2
1167 2848 1236 2919 A
1271 2847 1352 2937 C,
1389 2848 1458 2920 A
1492 2848 1550 2919 F
1582 2873 1742 2922 esse
1776 2848 2380 2944 proportionalia.

739 2959 1008 3032 Coroll.
1048 2969 1117 3033 2.
1205 2960 1285 3032 Si
1318 2962 1469 3034 sint
1502 2973 1823 3058 quatuor
1854 2962 2459 3058 proportionalia,
2497 2975 2716 3034 erunt

640 3097 933 3169 quoque
973 3073 1402 3146 invertendo
1431 3075 1584 3147 sive
1622 3074 2110 3147 convertendo
2140 3074 2247 3168 (id
2276 3085 2412 3163 est,
2443 3074 2505 3147 si
2531 3076 2717 3146 fiant

639 3211 728 3259 ex
797 3186 1411 3260 antecedentibus
1476 3188 2035 3284 consequentia)
2108 3188 2713 3284 proportionalia.

639 3299 835 3371 Nam
885 3299 947 3371 si
1001 3298 1076 3371 in
1138 3300 1608 3394 praecedente
1656 3300 2287 3374 demonstratione
2329 3325 2465 3397 pro
2512 3303 2581 3374 A
2630 3303 2713 3389 Β,

639 3412 708 3484 A
743 3411 802 3484 C
851 3412 1348 3507 posuissemus
1401 3414 1747 3486 inversim
1782 3414 1851 3485 A
1885 3413 1968 3502 C,
2003 3414 2072 3485 A
2108 3414 2192 3501 B,
2230 3425 2307 3487 et
2355 3439 2491 3510 pro
2526 3415 2595 3487 A
2627 3416 2713 3505 E,

639 3524 707 3595 A
741 3524 799 3595 F
845 3523 1281 3597 dixissemus
1319 3550 1614 3621 quoque
1650 3526 1995 3599 inversim
2021 3528 2090 3599 A
2126 3527 2202 3616 F,
2233 3528 2302 3599 A
2336 3529 2420 3617 E,
2458 3528 2715 3601 eadem

639 3647 889 3709 tamen
942 3638 1334 3711 mansisset
1391 3638 1948 3712 demonstratio.
2053 3641 2244 3713 Sunt
2303 3641 2500 3713 enim
2560 3654 2715 3714 tam

640 3773 849 3846 aeque
906 3751 1194 3824 veloces
1243 3753 1312 3824 A
1360 3751 1442 3841 C,
1480 3752 1549 3824 A
1603 3753 1688 3841 B,
1720 3778 1940 3849 quam
1973 3754 2041 3825 A
2078 3754 2164 3841 B,
2200 3754 2268 3825 A
2303 3754 2385 3843 C,
2435 3767 2511 3828 et
2560 3767 2715 3829 tam

641 3874 1280 3959 contemporaneae
1316 3864 1384 3935 A
1419 3864 1502 3953 C,
1537 3865 1608 3937 A
1640 3864 1719 3954 F,
1757 3889 1978 3961 quam
2011 3866 2079 3937 A
2114 3866 2193 3955 F,
2228 3867 2297 3938 A
2332 3866 2413 3940 C.

742 3977 1012 4050 Coroll.
1061 3988 1127 4051 3.
1232 3978 1313 4051 Si
1385 3980 1968 4076 proportionalia
2040 3981 2715 4076 proportionalibus

642 4090 1033 4181 addantur,
1102 4093 1219 4164 vel
1306 4093 1750 4182 adimantur,
1812 4106 2031 4167 erunt
2115 4107 2520 4190 aggregata
2597 4095 2716 4168 vel

644 4203 936 4276 residua
962 4205 1565 4300 proportionalia.
1648 4205 2286 4303 contemporanea
2313 4208 2511 4281 enim
2540 4232 2715 4282 con-

645 4316 1137 4411 temporaneis
1186 4317 1440 4390 addita
1495 4319 1614 4391 vel
1672 4319 1920 4392 ablata
1971 4319 2257 4392 faciunt
2311 4333 2717 4418 aggregata
