3182 5102
722 436 863 501 332
1570 449 1954 501 PanmA.

350 626 519 676 PARS
546 626 636 677 IV·
720 615 850 688 Sin
885 638 932 686 a
964 626 1172 687 motu
1205 639 1337 711 per
1370 615 1785 688 sensionem
1818 614 2063 688 vitalis
2097 627 2341 687 motus
2380 613 2796 710 adjuvetur,

450 694 512 740 25

366 727 632 799 ——4-2
717 727 1204 823 disponentur
1236 741 1480 826 partes
1515 730 1775 826 organi
1804 729 1902 802 ad
1934 729 2236 825 spiritus
2273 729 2380 801 ita
2406 729 2795 825 regendOS,

293 832 545 895 Voluptas,
568 833 649 880 do-

293 897 381 956 lor,
408 899 662 961 appetitus,

717 852 802 915 ut
852 841 914 914 is
968 853 1212 916 motus
1275 855 1634 940 quantum
1684 843 1846 916 fieri
1898 855 2148 939 potest
2206 866 2599 916 nervorum
2653 866 2795 938 ope

292 963 421 1025 suga.
446 962 561 1027 quid
579 963 690 1011 sint·
717 968 1199 1029 conservetur
1234 970 1309 1030 et
1353 958 1828 1054 adaugeatur.
1930 958 2180 1052 Atque
2226 956 2350 1029 hic
2384 956 2680 1052 quidem
2713 956 2795 1027 in

714 1081 922 1142 motu
992 1071 1288 1144 animali
1350 1084 1465 1145 est
1530 1083 1843 1145 conatus
1900 1070 2209 1167 primuS,
2270 1069 2793 1164 inveniturque

716 1183 939 1257 etiam
995 1185 1071 1258 in
1107 1187 1529 1283 embryone,
1566 1186 1694 1281 qui
1740 1184 2175 1273 molestiam,
2212 1183 2274 1256 si
2311 1181 2605 1279 quando
2653 1192 2792 1268 est,

715 1296 1006 1393 fugiens
1043 1299 1159 1372 vel
1206 1298 1499 1395 placida
1529 1309 1885 1394 sequutus
1917 1297 1995 1370 in
2036 1307 2252 1369 utero
2280 1296 2538 1368 matris
2589 1306 2795 1368 artus

716 1436 884 1484 suos
922 1425 1132 1486 motu
1167 1426 1417 1486 movet
1451 1412 1893 1485 voluntario.
1999 1410 2326 1484 Conatus
2359 1421 2605 1482 autem
2654 1408 2795 1479 iste

714 1526 1019 1621 primuS,
1076 1538 1436 1622 quatenus
1490 1526 1586 1599 ad
1641 1524 1932 1621 placida
1988 1522 2431 1619 experiendo
2493 1520 2799 1618 cognita

716 1639 1080 1735 dirigitur,
1105 1640 1498 1735 appetitus,
1530 1638 1608 1711 id
1628 1650 1763 1727 est,
1801 1637 2056 1726 aditio,
2081 1649 2446 1733 quatenus
2480 1634 2798 1708 molesta

716 1752 1114 1838 evitantur,
1150 1752 1435 1825 aversio
1473 1764 1549 1824 et
1578 1751 1759 1848 fuga
1792 1750 2086 1823 dicitur.

818 1866 1040 1938 Initio
1071 1877 1316 1938 autem
1352 1878 1428 1939 et
1448 1865 1645 1938 illico
1674 1889 1761 1938 ac
1796 1873 2201 1937 nascuntur
2232 1861 2457 1936 foetus
2482 1860 2796 1958 parvuli,

714 2002 952 2074 pauca
1014 1991 1397 2075 appetunt,
1458 2003 1698 2075 pauca
1762 1976 2059 2073 fugiunt
2117 1976 2454 2050 destituti
2507 1974 2795 2071 experi-

718 2092 922 2165 entia
988 2104 1064 2165 et
1131 2092 1529 2174 memoria;
1610 2103 1686 2164 et
1747 2102 2143 2186 propterea
2201 2101 2489 2162 tantam
2547 2100 2799 2160 motus

718 2205 1053 2277 animalis
1099 2204 1532 2277 varietatem
1577 2228 1730 2276 non
1764 2203 2042 2275 habent
2076 2214 2429 2297 quantam
2459 2201 2797 2274 videmus

720 2310 880 2391 esse
923 2318 1001 2389 in
1054 2317 1342 2390 adultiS.
1447 2316 1641 2389 Nam
1675 2317 1966 2411 objecta
1999 2340 2094 2388 an
2126 2315 2491 2411 placitura
2531 2338 2626 2387 an
2660 2339 2796 2387 no-

720 2430 960 2503 citura
994 2429 1167 2518 sint,
1205 2428 1362 2502 sine
1396 2429 1795 2501 multarum
1831 2453 2075 2501 rerum
2110 2428 2534 2524 cognitione
2571 2428 2797 2500 sensi-

719 2543 895 2633 tiva,
934 2542 1011 2615 id
1047 2555 1183 2631 est,
1235 2542 1390 2616 sine
1425 2542 1880 2638 experientia
1913 2554 1989 2615 et
2036 2541 2391 2615 memoria
2424 2542 2594 2615 sciri
2644 2566 2797 2614 non

718 2668 1005 2753 potest;
1060 2657 1526 2752 conjectandi
1561 2668 1810 2729 tamen
1847 2681 1937 2729 ex
1972 2667 2277 2751 aspectu
2312 2679 2557 2728 rerum
2588 2655 2798 2728 locus

721 2782 833 2843 est
885 2771 1170 2867 aliquiS‚
1234 2782 1311 2843 et
1367 2769 1677 2866 proinde
1738 2794 1902 2866 quae
1961 2770 2160 2842 bona
2212 2793 2307 2841 an
2368 2770 2561 2841 mala
2619 2768 2796 2864 ipsis

718 2882 967 2956 futura
1025 2883 1174 2956 sint
1227 2884 1590 2972 nesciunt,
1626 2883 1722 2956 ad
1769 2908 1857 2955 ea
1890 2894 2137 2955 tamen
2172 2883 2532 2955 accedunt
2577 2894 2653 2955 et
2702 2882 2797 2953 ab

717 2997 978 3069 iisdem
1013 2995 1371 3070 recedunt
1418 2996 1860 3069 dubitantes.
1965 2997 2229 3069 Postea
2278 3020 2453 3069 vero
2508 3009 2669 3069 tum
2718 2997 2796 3068 in

719 3109 809 3182 iis
857 3133 1020 3205 quae
1068 3110 1481 3206 appetenda
1532 3122 1610 3183 et
1663 3108 2014 3206 fugienda
2067 3121 2262 3198 sunt,
2318 3120 2478 3183 tum
2528 3111 2601 3183 in
2657 3133 2798 3182 usu

719 3246 1113 3295 nervorum
1171 3234 1752 3316 caeterorumque
1808 3245 2254 3318 organorum
2307 3222 2403 3294 ad
2449 3221 2800 3318 fugienda

721 3335 965 3432 aliqua
1036 3347 1110 3408 et
1178 3335 1517 3408 adeunda
1574 3335 1743 3423 alia,
1804 3334 2160 3431 paulatim
2217 3335 2541 3431 prompti
2607 3336 2798 3409 fiunt

719 3448 1231 3521 assuescendo.
1365 3449 1554 3521 Sunt
1623 3472 1800 3544 ergo
1854 3448 2223 3544 appetitus
2277 3461 2353 3521 et
2408 3448 2588 3545 fuga
2645 3449 2799 3522 sive

719 3560 945 3633 animi
982 3561 1263 3633 aversio
1300 3574 1542 3634 motus
1577 3562 1910 3634 animalis
1946 3575 2254 3635 conatus
2285 3562 2528 3657 primi.

820 3673 1189 3747 Conatum
1223 3687 1470 3748 autem
1495 3675 1818 3770 primum
1853 3675 2184 3770 sequitur
2216 3675 2607 3770 spirituum
2640 3676 2797 3748 ani-

718 3787 1042 3876 malium,
1097 3812 1409 3884 quorum
1444 3788 1742 3885 aliquod
1775 3812 2071 3861 necesse
2104 3801 2216 3862 est
2250 3813 2409 3862 esse
2440 3813 2670 3886 prope
2703 3789 2798 3862 ad

719 3922 1114 3972 nervorum
1170 3901 1529 3997 originem
1596 3902 2141 3998 receptaculum
2196 3902 2349 3975 sive
2398 3903 2668 3991 locum,
2718 3903 2796 3974 in

719 4035 986 4086 nervos
1011 4014 1351 4109 impulsio
1388 4027 1463 4088 et
1489 4039 1780 4088 rursum
1814 4016 2157 4089 retractio
2189 4047 2209 4099 ;
2264 4039 2483 4111 quem
2517 4028 2797 4088 motum

721 4124 872 4196 sive
923 4138 1271 4199 conatum
1324 4127 1659 4224 sequitur
1716 4129 2127 4202 necessario
2171 4130 2673 4226 turgescentia
2722 4141 2798 4202 et

723 4236 1078 4310 relaxatio
1112 4240 1653 4323 musculorum3
1709 4266 1890 4336 quas
1936 4242 2253 4337 denique
2287 4254 2580 4315 artuum
2626 4267 2799 4315 con-

724 4350 993 4422 tractio
1028 4352 1359 4448 sequitur
1387 4366 1463 4426 et
1497 4355 1853 4445 extensio,
1879 4356 2006 4452 qui
2035 4368 2146 4429 est
2168 4369 2413 4430 motus
2438 4356 2793 4429 animalis.
