<?xml version="1.0" encoding="UTF-8"?>
<!DOCTYPE html PUBLIC "-//W3C//DTD XHTML 1.0 Transitional//EN"
    "http://www.w3.org/TR/xhtml1/DTD/xhtml1-transitional.dtd">
<html xmlns="http://www.w3.org/1999/xhtml" xml:lang="en" lang="en">
 <head>
  <title>
</title>
<meta http-equiv="Content-Type" content="text/html;charset=utf-8" />
  <meta name='ocr-system' content='tesseract 3.04.00' />
  <meta name='ocr-capabilities' content='ocr_page ocr_carea ocr_par ocr_line ocrx_word'/>
</head>
<body>
  <div class='ocr_page' id='page_1' title='image "./thomhobbesmalme03molegoog_0520.png"; bbox 0 0 3182 5102; ppageno 0'>
   <div class='ocr_carea' id='block_1_1' title="bbox 340 1597 621 1711">
    <p class='ocr_par' dir='ltr' id='par_1_1' title="bbox 340 1597 621 1711">
     <span class='ocr_line' id='line_1_1' title="bbox 340 1597 621 1646; baseline 0 0"><span class='ocrx_word' id='word_1_1' title='bbox 340 1597 499 1646; x_wconf 71' lang='lat' dir='ltr'><strong>Causa</strong></span> <span class='ocrx_word' id='word_1_2' title='bbox 530 1613 621 1646; x_wconf 61' lang='grc' dir='ltr'><strong>ωο-</strong></span> 
     </span>
     <span class='ocr_line' id='line_1_2' title="bbox 342 1671 480 1711; baseline 0 0"><span class='ocrx_word' id='word_1_3' title='bbox 342 1671 480 1711; x_wconf 81' lang='lat' dir='ltr'><strong>tuum</strong></span> 
     </span>
    </p>
   </div>
   <div class='ocr_carea' id='block_1_2' title="bbox 761 400 1935 467">
    <p class='ocr_par' dir='ltr' id='par_1_2' title="bbox 761 400 1935 467">
     <span class='ocr_line' id='line_1_3' title="bbox 761 400 1935 467; baseline 0.002 -4"><span class='ocrx_word' id='word_1_4' title='bbox 761 400 903 464; x_wconf 85' lang='lat'><strong>356</strong></span> <span class='ocrx_word' id='word_1_5' title='bbox 1553 414 1935 467; x_wconf 71' lang='lat' dir='ltr'><strong>ansch.</strong></span> 
     </span>
    </p>
   </div>
   <div class='ocr_carea' id='block_1_3' title="bbox 382 581 2845 679">
    <p class='ocr_par' dir='ltr' id='par_1_3' title="bbox 382 581 2845 679">
     <span class='ocr_line' id='line_1_4' title="bbox 382 581 2845 679; baseline 0.004 -31"><span class='ocrx_word' id='word_1_6' title='bbox 382 586 557 636; x_wconf 79' lang='lat' dir='ltr'><strong>PARS</strong></span> <span class='ocrx_word' id='word_1_7' title='bbox 594 587 680 637; x_wconf 82' lang='lat' dir='ltr'><strong>IV·</strong></span> <span class='ocrx_word' id='word_1_8' title='bbox 758 592 1228 676; x_wconf 79' lang='lat' dir='ltr'><strong>sequeretur3</strong></span> <span class='ocrx_word' id='word_1_9' title='bbox 1280 605 1453 655; x_wconf 88' lang='lat' dir='ltr'><strong>nam</strong></span> <span class='ocrx_word' id='word_1_10' title='bbox 1488 583 1649 655; x_wconf 86' lang='lat' dir='ltr'><strong>sine</strong></span> <span class='ocrx_word' id='word_1_11' title='bbox 1683 582 1973 657; x_wconf 86' lang='lat' dir='ltr'><strong>actione</strong></span> <span class='ocrx_word' id='word_1_12' title='bbox 2018 581 2192 655; x_wconf 89' lang='lat' dir='ltr'><strong>solis</strong></span> <span class='ocrx_word' id='word_1_13' title='bbox 2241 582 2611 656; x_wconf 85' lang='lat' dir='ltr'>diameter</span> <span class='ocrx_word' id='word_1_14' title='bbox 2645 606 2845 679; x_wconf 84' lang='lat' dir='ltr'><strong>quae-</strong></span> 
     </span>
    </p>
   </div>
   <div class='ocr_carea' id='block_1_4' title="bbox 505 654 582 700">
    <p class='ocr_par' dir='ltr' id='par_1_4' title="bbox 505 654 582 700">
     <span class='ocr_line' id='line_1_5' title="bbox 505 654 582 700; baseline -0.026 0"><span class='ocrx_word' id='word_1_15' title='bbox 505 654 582 700; x_wconf 83' lang='lat'><strong>26.</strong></span> 
     </span>
    </p>
   </div>
   <div class='ocr_carea' id='block_1_5' title="bbox 416 693 2842 793">
    <p class='ocr_par' dir='ltr' id='par_1_5' title="bbox 416 693 2842 793">
     <span class='ocr_line' id='line_1_6' title="bbox 416 693 2842 793; baseline 0.001 -27"><span class='ocrx_word' id='word_1_16' title='bbox 416 717 651 750; x_wconf 45' lang='lat' dir='ltr'><strong>*mv</strong></span> <span class='ocrx_word' id='word_1_17' title='bbox 758 693 939 767; x_wconf 90' lang='lat' dir='ltr'><strong>libet</strong></span> <span class='ocrx_word' id='word_1_18' title='bbox 970 693 1166 767; x_wconf 87' lang='lat' dir='ltr'><strong>lunae</strong></span> <span class='ocrx_word' id='word_1_19' title='bbox 1203 694 1522 768; x_wconf 85' lang='lat' dir='ltr'><strong>ferretur</strong></span> <span class='ocrx_word' id='word_1_20' title='bbox 1567 720 1856 793; x_wconf 81' lang='lat' dir='ltr'><strong>semper</strong></span> <span class='ocrx_word' id='word_1_21' title='bbox 1907 696 2046 768; x_wconf 91' lang='lat' dir='ltr'><strong>sibi</strong></span> <span class='ocrx_word' id='word_1_22' title='bbox 2079 696 2453 791; x_wconf 81' lang='lat' dir='ltr'><strong>parallela.</strong></span> <span class='ocrx_word' id='word_1_23' title='bbox 2562 697 2842 769; x_wconf 89' lang='lat' dir='ltr'><strong>Reddi-</strong></span> 
     </span>
    </p>
   </div>
   <div class='ocr_carea' id='block_1_6' title="bbox 503 1663 686 1712">
    <p class='ocr_par' dir='ltr' id='par_1_6' title="bbox 503 1663 686 1712">
     <span class='ocr_line' id='line_1_7' title="bbox 503 1663 686 1712; baseline 0.005 -1"><span class='ocrx_word' id='word_1_24' title='bbox 503 1663 686 1712; x_wconf 67' lang='lat' dir='ltr'><strong>oceani.</strong></span> 
     </span>
    </p>
   </div>
   <div class='ocr_carea' id='block_1_7' title="bbox 759 807 2850 4407">
    <p class='ocr_par' dir='ltr' id='par_1_7' title="bbox 761 807 2840 1016">
     <span class='ocr_line' id='line_1_8' title="bbox 761 807 2840 905; baseline 0.001 -26"><span class='ocrx_word' id='word_1_25' title='bbox 761 807 1000 880; x_wconf 89' lang='lat' dir='ltr'><strong>dimus</strong></span> <span class='ocrx_word' id='word_1_26' title='bbox 1035 831 1209 903; x_wconf 82' lang='lat' dir='ltr'><strong>ergo</strong></span> <span class='ocrx_word' id='word_1_27' title='bbox 1244 833 1541 881; x_wconf 88' lang='lat' dir='ltr'><strong>causam</strong></span> <span class='ocrx_word' id='word_1_28' title='bbox 1571 809 1996 905; x_wconf 91' lang='lat' dir='ltr'><strong>possibilem</strong></span> <span class='ocrx_word' id='word_1_29' title='bbox 2036 831 2262 904; x_wconf 92' lang='lat' dir='ltr'><strong>quare</strong></span> <span class='ocrx_word' id='word_1_30' title='bbox 2295 808 2544 882; x_wconf 90' lang='lat' dir='ltr'><strong>telluri</strong></span> <span class='ocrx_word' id='word_1_31' title='bbox 2580 810 2840 882; x_wconf 88' lang='lat' dir='ltr'><strong>eadem</strong></span> 
     </span>
     <span class='ocr_line' id='line_1_9' title="bbox 761 922 2002 1016; baseline 0.002 -23"><span class='ocrx_word' id='word_1_32' title='bbox 761 945 1051 1016; x_wconf 79' lang='lat' dir='ltr'><strong>semper</strong></span> <span class='ocrx_word' id='word_1_33' title='bbox 1084 922 1496 995; x_wconf 82' lang='lat' dir='ltr'><strong>obvertitur</strong></span> <span class='ocrx_word' id='word_1_34' title='bbox 1526 923 1720 995; x_wconf 87' lang='lat' dir='ltr'><strong>lunae</strong></span> <span class='ocrx_word' id='word_1_35' title='bbox 1752 922 2002 996; x_wconf 79' lang='lat' dir='ltr'><strong>facies,</strong></span> 
     </span>
    </p>

    <p class='ocr_par' dir='ltr' id='par_1_8' title="bbox 760 1033 2843 1582">
     <span class='ocr_line' id='line_1_10' title="bbox 862 1033 2837 1132; baseline -0.001 -25"><span class='ocrx_word' id='word_1_36' title='bbox 862 1034 1288 1108; x_wconf 82' lang='lat' dir='ltr'>Notandum</span> <span class='ocrx_word' id='word_1_37' title='bbox 1325 1048 1572 1109; x_wconf 90' lang='lat' dir='ltr'><strong>autem</strong></span> <span class='ocrx_word' id='word_1_38' title='bbox 1608 1047 1722 1109; x_wconf 88' lang='lat' dir='ltr'><strong>est</strong></span> <span class='ocrx_word' id='word_1_39' title='bbox 1755 1036 1955 1132; x_wconf 93' lang='lat' dir='ltr'><strong>quod</strong></span> <span class='ocrx_word' id='word_1_40' title='bbox 1988 1058 2140 1108; x_wconf 93' lang='lat' dir='ltr'><strong>non</strong></span> <span class='ocrx_word' id='word_1_41' title='bbox 2181 1033 2492 1108; x_wconf 88' lang='lat' dir='ltr'><strong>eandem</strong></span> <span class='ocrx_word' id='word_1_42' title='bbox 2524 1035 2837 1131; x_wconf 86' lang='lat' dir='ltr'><strong>praeoise</strong></span> 
     </span>
     <span class='ocr_line' id='line_1_11' title="bbox 760 1146 2841 1244; baseline -0 -25"><span class='ocrx_word' id='word_1_43' title='bbox 760 1146 1024 1220; x_wconf 87' lang='lat' dir='ltr'><strong>faciem</strong></span> <span class='ocrx_word' id='word_1_44' title='bbox 1092 1172 1380 1244; x_wconf 82' lang='lat' dir='ltr'><strong>semper</strong></span> <span class='ocrx_word' id='word_1_45' title='bbox 1442 1148 1800 1237; x_wconf 83' lang='lat' dir='ltr'><strong>videmus,</strong></span> <span class='ocrx_word' id='word_1_46' title='bbox 1869 1161 2048 1221; x_wconf 90' lang='lat' dir='ltr'><strong>tunc</strong></span> <span class='ocrx_word' id='word_1_47' title='bbox 2121 1148 2416 1243; x_wconf 86' lang='lat' dir='ltr'><strong>quando</strong></span> <span class='ocrx_word' id='word_1_48' title='bbox 2477 1148 2659 1220; x_wconf 86' lang='lat' dir='ltr'><strong>luna</strong></span> <span class='ocrx_word' id='word_1_49' title='bbox 2725 1160 2841 1219; x_wconf 90' lang='lat' dir='ltr'><strong>est</strong></span> 
     </span>
     <span class='ocr_line' id='line_1_12' title="bbox 762 1260 2840 1358; baseline -0 -26"><span class='ocrx_word' id='word_1_50' title='bbox 762 1271 976 1333; x_wconf 84' lang='lat' dir='ltr'><strong>extra</strong></span> <span class='ocrx_word' id='word_1_51' title='bbox 1018 1260 1427 1358; x_wconf 86' lang='lat' dir='ltr'><strong>eclipticam</strong></span> <span class='ocrx_word' id='word_1_52' title='bbox 1456 1292 1475 1344; x_wconf 86' lang='lat'><strong>;</strong></span> <span class='ocrx_word' id='word_1_53' title='bbox 1526 1274 1922 1357; x_wconf 91' lang='lat' dir='ltr'><strong>propterea</strong></span> <span class='ocrx_word' id='word_1_54' title='bbox 1955 1260 2156 1356; x_wconf 89' lang='lat' dir='ltr'><strong>quod</strong></span> <span class='ocrx_word' id='word_1_55' title='bbox 2187 1261 2293 1333; x_wconf 92' lang='lat' dir='ltr'><strong>nil</strong></span> <span class='ocrx_word' id='word_1_56' title='bbox 2324 1260 2662 1333; x_wconf 87' lang='lat' dir='ltr'><strong>videmus</strong></span> <span class='ocrx_word' id='word_1_57' title='bbox 2694 1260 2840 1332; x_wconf 90' lang='lat' dir='ltr'><strong>nisi</strong></span> 
     </span>
     <span class='ocr_line' id='line_1_13' title="bbox 761 1372 2843 1469; baseline 0 -25"><span class='ocrx_word' id='word_1_58' title='bbox 761 1372 1251 1445; x_wconf 88' lang='lat' dir='ltr'><strong>illuminatum</strong></span> <span class='ocrx_word' id='word_1_59' title='bbox 1278 1404 1296 1457; x_wconf 89' lang='lat'>;</span> <span class='ocrx_word' id='word_1_60' title='bbox 1350 1373 1477 1446; x_wconf 90' lang='lat' dir='ltr'><strong>sed</strong></span> <span class='ocrx_word' id='word_1_61' title='bbox 1512 1397 1684 1469; x_wconf 87' lang='lat' dir='ltr'><strong>pars</strong></span> <span class='ocrx_word' id='word_1_62' title='bbox 1711 1373 2125 1446; x_wconf 86' lang='lat' dir='ltr'><strong>illuminata</strong></span> <span class='ocrx_word' id='word_1_63' title='bbox 2150 1385 2227 1446; x_wconf 92' lang='lat' dir='ltr'><strong>et</strong></span> <span class='ocrx_word' id='word_1_64' title='bbox 2259 1398 2430 1469; x_wconf 88' lang='lat' dir='ltr'><strong>pars</strong></span> <span class='ocrx_word' id='word_1_65' title='bbox 2464 1374 2685 1446; x_wconf 88' lang='lat' dir='ltr'><strong>nobis</strong></span> <span class='ocrx_word' id='word_1_66' title='bbox 2708 1374 2843 1445; x_wconf 90' lang='lat' dir='ltr'><strong>ob-</strong></span> 
     </span>
     <span class='ocr_line' id='line_1_14' title="bbox 762 1486 2838 1582; baseline -0 -25"><span class='ocrx_word' id='word_1_67' title='bbox 762 1509 976 1558; x_wconf 87' lang='lat' dir='ltr'><strong>versa</strong></span> <span class='ocrx_word' id='word_1_68' title='bbox 1009 1498 1219 1559; x_wconf 86' lang='lat' dir='ltr'><strong>extra</strong></span> <span class='ocrx_word' id='word_1_69' title='bbox 1252 1486 1669 1582; x_wconf 86' lang='lat' dir='ltr'><strong>eclipticam</strong></span> <span class='ocrx_word' id='word_1_70' title='bbox 1702 1510 2081 1582; x_wconf 87' lang='lat' dir='ltr'><strong>nunquam</strong></span> <span class='ocrx_word' id='word_1_71' title='bbox 2114 1499 2231 1559; x_wconf 92' lang='lat' dir='ltr'><strong>est</strong></span> <span class='ocrx_word' id='word_1_72' title='bbox 2262 1499 2519 1559; x_wconf 84' lang='lat' dir='ltr'><strong>exacte</strong></span> <span class='ocrx_word' id='word_1_73' title='bbox 2551 1486 2838 1559; x_wconf 81' lang='lat' dir='ltr'><strong>eadem.</strong></span> 
     </span>
    </p>

    <p class='ocr_par' dir='ltr' id='par_1_9' title="bbox 759 1598 2850 3727">
     <span class='ocr_line' id='line_1_15' title="bbox 874 1598 2845 1695; baseline 0.001 -24"><span class='ocrx_word' id='word_1_74' title='bbox 874 1607 985 1672; x_wconf 86' lang='lat'><strong>10.</strong></span> <span class='ocrx_word' id='word_1_75' title='bbox 1039 1599 1158 1671; x_wconf 92' lang='lat' dir='ltr'><strong>Ad</strong></span> <span class='ocrx_word' id='word_1_76' title='bbox 1193 1611 1342 1671; x_wconf 88' lang='lat' dir='ltr'><strong>tres</strong></span> <span class='ocrx_word' id='word_1_77' title='bbox 1397 1612 1644 1672; x_wconf 90' lang='lat' dir='ltr'><strong>motus</strong></span> <span class='ocrx_word' id='word_1_78' title='bbox 1679 1599 2068 1695; x_wconf 89' lang='lat' dir='ltr'><strong>simplices,</strong></span> <span class='ocrx_word' id='word_1_79' title='bbox 2122 1623 2350 1671; x_wconf 92' lang='lat' dir='ltr'><strong>unum</strong></span> <span class='ocrx_word' id='word_1_80' title='bbox 2400 1598 2599 1687; x_wconf 79' lang='lat' dir='ltr'><strong>soliS‚</strong></span> <span class='ocrx_word' id='word_1_81' title='bbox 2654 1600 2845 1672; x_wconf 89' lang='lat' dir='ltr'><strong>alte-</strong></span> 
     </span>
     <span class='ocr_line' id='line_1_16' title="bbox 763 1711 2843 1810; baseline 0 -26"><span class='ocrx_word' id='word_1_82' title='bbox 763 1735 928 1784; x_wconf 87' lang='lat' dir='ltr'><strong>rum</strong></span> <span class='ocrx_word' id='word_1_83' title='bbox 959 1711 1178 1799; x_wconf 87' lang='lat' dir='ltr'><strong>lunae‚</strong></span> <span class='ocrx_word' id='word_1_84' title='bbox 1209 1711 1514 1784; x_wconf 89' lang='lat' dir='ltr'><strong>tertium</strong></span> <span class='ocrx_word' id='word_1_85' title='bbox 1550 1723 1769 1784; x_wconf 85' lang='lat' dir='ltr'><strong>terrae</strong></span> <span class='ocrx_word' id='word_1_86' title='bbox 1798 1711 1872 1784; x_wconf 91' lang='lat' dir='ltr'><strong>in</strong></span> <span class='ocrx_word' id='word_1_87' title='bbox 1900 1712 2210 1785; x_wconf 91' lang='lat' dir='ltr'><strong>circellis</strong></span> <span class='ocrx_word' id='word_1_88' title='bbox 2245 1712 2562 1808; x_wconf 90' lang='lat' dir='ltr'><strong>propriis</strong></span> <span class='ocrx_word' id='word_1_89' title='bbox 2566 1712 2652 1808; x_wconf 82' lang='lat' dir='ltr'><em>f</em></span> <span class='ocrx_word' id='word_1_90' title='bbox 2649 1712 2843 1810; x_wconf 72' lang='lat' dir='ltr'><strong>ghi,</strong></span> 
     </span>
     <span class='ocr_line' id='line_1_17' title="bbox 765 1822 2849 1920; baseline 0.001 -25"><span class='ocrx_word' id='word_1_91' title='bbox 765 1822 800 1895; x_wconf 83' lang='lat' dir='ltr'><strong>l</strong></span> <span class='ocrx_word' id='word_1_92' title='bbox 816 1824 885 1912; x_wconf 74' lang='lat' dir='ltr'><strong>k,</strong></span> <span class='ocrx_word' id='word_1_93' title='bbox 924 1836 1001 1895; x_wconf 93' lang='lat' dir='ltr'><strong>et</strong></span> <span class='ocrx_word' id='word_1_94' title='bbox 1035 1848 1085 1920; x_wconf 84' lang='lat' dir='ltr'><em>q</em></span> <span class='ocrx_word' id='word_1_95' title='bbox 1106 1847 1171 1910; x_wconf 84' lang='lat' dir='ltr'><strong>r,</strong></span> <span class='ocrx_word' id='word_1_96' title='bbox 1207 1844 1358 1896; x_wconf 87' lang='lat' dir='ltr'><strong>una</strong></span> <span class='ocrx_word' id='word_1_97' title='bbox 1392 1847 1560 1896; x_wconf 93' lang='lat' dir='ltr'><strong>cum</strong></span> <span class='ocrx_word' id='word_1_98' title='bbox 1595 1823 2074 1898; x_wconf 87' lang='lat' dir='ltr'><strong>conversione</strong></span> <span class='ocrx_word' id='word_1_99' title='bbox 2105 1837 2328 1897; x_wconf 85' lang='lat' dir='ltr'><strong>terrae</strong></span> <span class='ocrx_word' id='word_1_100' title='bbox 2363 1824 2654 1913; x_wconf 86' lang='lat' dir='ltr'><strong>diurna,</strong></span> <span class='ocrx_word' id='word_1_101' title='bbox 2696 1850 2849 1920; x_wconf 87' lang='lat' dir='ltr'><strong>qua</strong></span> 
     </span>
     <span class='ocr_line' id='line_1_18' title="bbox 762 1936 2850 2012; baseline 0.001 -3"><span class='ocrx_word' id='word_1_102' title='bbox 762 1936 1241 2009; x_wconf 88' lang='lat' dir='ltr'><strong>conversione</strong></span> <span class='ocrx_word' id='word_1_103' title='bbox 1296 1937 1711 2010; x_wconf 87' lang='lat' dir='ltr'><strong>necessario</strong></span> <span class='ocrx_word' id='word_1_104' title='bbox 1774 1937 2392 2011; x_wconf 88' lang='lat' dir='ltr'><strong>circumferuntur</strong></span> <span class='ocrx_word' id='word_1_105' title='bbox 2453 1939 2706 2011; x_wconf 85' lang='lat' dir='ltr'><strong>omnia</strong></span> <span class='ocrx_word' id='word_1_106' title='bbox 2758 1963 2850 2012; x_wconf 85' lang='lat' dir='ltr'><strong>ea</strong></span> 
     </span>
     <span class='ocr_line' id='line_1_19' title="bbox 763 2049 2850 2146; baseline 0.001 -26"><span class='ocrx_word' id='word_1_107' title='bbox 763 2072 929 2143; x_wconf 86' lang='lat' dir='ltr'><strong>quae</strong></span> <span class='ocrx_word' id='word_1_108' title='bbox 996 2049 1408 2144; x_wconf 87' lang='lat' dir='ltr'><strong>superficiei</strong></span> <span class='ocrx_word' id='word_1_109' title='bbox 1476 2052 1635 2145; x_wconf 89' lang='lat' dir='ltr'><strong>ejus</strong></span> <span class='ocrx_word' id='word_1_110' title='bbox 1698 2049 2140 2137; x_wconf 88' lang='lat' dir='ltr'><strong>innituntur,</strong></span> <span class='ocrx_word' id='word_1_111' title='bbox 2204 2050 2465 2123; x_wconf 88' lang='lat' dir='ltr'><strong>referri</strong></span> <span class='ocrx_word' id='word_1_112' title='bbox 2525 2065 2850 2146; x_wconf 86' lang='lat' dir='ltr'><strong>possunt</strong></span> 
     </span>
     <span class='ocr_line' id='line_1_20' title="bbox 761 2161 2848 2256; baseline 0.001 -23"><span class='ocrx_word' id='word_1_113' title='bbox 761 2161 1248 2256; x_wconf 85' lang='lat' dir='ltr'><strong>phaenomena</strong></span> <span class='ocrx_word' id='word_1_114' title='bbox 1314 2162 1513 2235; x_wconf 89' lang='lat' dir='ltr'><strong>circa</strong></span> <span class='ocrx_word' id='word_1_115' title='bbox 1574 2162 1833 2234; x_wconf 87' lang='lat' dir='ltr'><strong>oceani</strong></span> <span class='ocrx_word' id='word_1_116' title='bbox 1901 2173 2124 2235; x_wconf 87' lang='lat' dir='ltr'><strong>aestus</strong></span> <span class='ocrx_word' id='word_1_117' title='bbox 2202 2163 2369 2237; x_wconf 88' lang='lat' dir='ltr'><strong>tria.</strong></span> <span class='ocrx_word' id='word_1_118' title='bbox 2502 2163 2848 2237; x_wconf 79' lang='lat' dir='ltr'><strong>Quorum</strong></span> 
     </span>
     <span class='ocr_line' id='line_1_21' title="bbox 760 2273 2848 2371; baseline 0.001 -27"><span class='ocrx_word' id='word_1_119' title='bbox 760 2273 1081 2369; x_wconf 91' lang='lat' dir='ltr'><strong>primum</strong></span> <span class='ocrx_word' id='word_1_120' title='bbox 1135 2287 1271 2363; x_wconf 89' lang='lat' dir='ltr'><strong>est,</strong></span> <span class='ocrx_word' id='word_1_121' title='bbox 1322 2273 1751 2347; x_wconf 86' lang='lat' dir='ltr'><strong>elevationis</strong></span> <span class='ocrx_word' id='word_1_122' title='bbox 1807 2286 1882 2347; x_wconf 90' lang='lat' dir='ltr'><strong>et</strong></span> <span class='ocrx_word' id='word_1_123' title='bbox 1937 2274 2428 2370; x_wconf 83' lang='lat' dir='ltr'><strong>depressionis</strong></span> <span class='ocrx_word' id='word_1_124' title='bbox 2482 2299 2848 2371; x_wconf 86' lang='lat' dir='ltr'><strong>aquarum</strong></span> 
     </span>
     <span class='ocr_line' id='line_1_22' title="bbox 759 2385 2850 2484; baseline 0.001 -25"><span class='ocrx_word' id='word_1_125' title='bbox 759 2386 859 2459; x_wconf 86' lang='lat' dir='ltr'><strong>ad</strong></span> <span class='ocrx_word' id='word_1_126' title='bbox 924 2385 1146 2459; x_wconf 86' lang='lat' dir='ltr'><strong>litora</strong></span> <span class='ocrx_word' id='word_1_127' title='bbox 1211 2387 1740 2460; x_wconf 87' lang='lat' dir='ltr'><strong>alternationes</strong></span> <span class='ocrx_word' id='word_1_128' title='bbox 1811 2387 1974 2460; x_wconf 85' lang='lat' dir='ltr'><strong>duae</strong></span> <span class='ocrx_word' id='word_1_129' title='bbox 2052 2388 2128 2460; x_wconf 92' lang='lat' dir='ltr'><strong>in</strong></span> <span class='ocrx_word' id='word_1_130' title='bbox 2205 2389 2442 2484; x_wconf 89' lang='lat' dir='ltr'><strong>spatio</strong></span> <span class='ocrx_word' id='word_1_131' title='bbox 2521 2402 2850 2484; x_wconf 88' lang='lat' dir='ltr'><strong>quatuor</strong></span> 
     </span>
     <span class='ocr_line' id='line_1_23' title="bbox 762 2499 2848 2599; baseline 0.002 -28"><span class='ocrx_word' id='word_1_132' title='bbox 762 2499 1028 2596; x_wconf 85' lang='lat' dir='ltr'><strong>viginti</strong></span> <span class='ocrx_word' id='word_1_133' title='bbox 1080 2500 1425 2574; x_wconf 87' lang='lat' dir='ltr'><strong>horarum</strong></span> <span class='ocrx_word' id='word_1_134' title='bbox 1480 2510 1556 2574; x_wconf 89' lang='lat' dir='ltr'><strong>et</strong></span> <span class='ocrx_word' id='word_1_135' title='bbox 1603 2500 2058 2573; x_wconf 87' lang='lat' dir='ltr'><strong>minutorum</strong></span> <span class='ocrx_word' id='word_1_136' title='bbox 2108 2500 2262 2573; x_wconf 88' lang='lat' dir='ltr'><strong>fere</strong></span> <span class='ocrx_word' id='word_1_137' title='bbox 2304 2501 2848 2599; x_wconf 85' lang='lat' dir='ltr'><strong>quinquaginta</strong></span> 
     </span>
     <span class='ocr_line' id='line_1_24' title="bbox 769 2614 2847 2710; baseline 0 -24"><span class='ocrx_word' id='word_1_138' title='bbox 769 2614 1127 2697; x_wconf 87' lang='lat' dir='ltr'><strong>duorum;</strong></span> <span class='ocrx_word' id='word_1_139' title='bbox 1182 2638 1433 2710; x_wconf 88' lang='lat' dir='ltr'><strong>eaeque</strong></span> <span class='ocrx_word' id='word_1_140' title='bbox 1476 2638 1610 2710; x_wconf 87' lang='lat' dir='ltr'><strong>per</strong></span> <span class='ocrx_word' id='word_1_141' title='bbox 1656 2637 1871 2687; x_wconf 93' lang='lat' dir='ltr'><strong>omne</strong></span> <span class='ocrx_word' id='word_1_142' title='bbox 1924 2639 2163 2687; x_wconf 85' lang='lat' dir='ltr'><strong>aevum</strong></span> <span class='ocrx_word' id='word_1_143' title='bbox 2204 2627 2674 2688; x_wconf 84' lang='lat' dir='ltr'><strong>constantes:</strong></span> <span class='ocrx_word' id='word_1_144' title='bbox 2732 2640 2847 2688; x_wconf 89' lang='lat' dir='ltr'><strong>se-</strong></span> 
     </span>
     <span class='ocr_line' id='line_1_25' title="bbox 768 2725 2848 2822; baseline 0 -22"><span class='ocrx_word' id='word_1_145' title='bbox 768 2726 1112 2816; x_wconf 91' lang='lat' dir='ltr'><strong>cundum,</strong></span> <span class='ocrx_word' id='word_1_146' title='bbox 1127 2727 1323 2822; x_wconf 90' lang='lat' dir='ltr'><strong>quod</strong></span> <span class='ocrx_word' id='word_1_147' title='bbox 1346 2726 1421 2799; x_wconf 95' lang='lat' dir='ltr'><strong>in</strong></span> <span class='ocrx_word' id='word_1_148' title='bbox 1443 2725 1836 2799; x_wconf 88' lang='lat' dir='ltr'><strong>noviluniis</strong></span> <span class='ocrx_word' id='word_1_149' title='bbox 1859 2738 1934 2799; x_wconf 91' lang='lat' dir='ltr'><strong>et</strong></span> <span class='ocrx_word' id='word_1_150' title='bbox 1954 2727 2373 2822; x_wconf 90' lang='lat' dir='ltr'><strong>pleniluniis</strong></span> <span class='ocrx_word' id='word_1_151' title='bbox 2394 2728 2848 2800; x_wconf 50' lang='lat' dir='ltr'><strong>elevationes</strong></span> 
     </span>
     <span class='ocr_line' id='line_1_26' title="bbox 771 2840 2845 2937; baseline -0.001 -25"><span class='ocrx_word' id='word_1_152' title='bbox 771 2864 980 2934; x_wconf 85' lang='lat' dir='ltr'><strong>aquae</strong></span> <span class='ocrx_word' id='word_1_153' title='bbox 1041 2842 1232 2913; x_wconf 92' lang='lat' dir='ltr'><strong>fiunt</strong></span> <span class='ocrx_word' id='word_1_154' title='bbox 1298 2863 1516 2935; x_wconf 90' lang='lat' dir='ltr'><strong>quam</strong></span> <span class='ocrx_word' id='word_1_155' title='bbox 1573 2840 2013 2913; x_wconf 89' lang='lat' dir='ltr'><strong>intermedio</strong></span> <span class='ocrx_word' id='word_1_156' title='bbox 2083 2851 2418 2937; x_wconf 91' lang='lat' dir='ltr'><strong>tempore</strong></span> <span class='ocrx_word' id='word_1_157' title='bbox 2474 2843 2798 2936; x_wconf 87' lang='lat' dir='ltr'><strong>majores</strong></span> <span class='ocrx_word' id='word_1_158' title='bbox 2827 2869 2845 2910; x_wconf 90' lang='lat'>:</span> 
     </span>
     <span class='ocr_line' id='line_1_27' title="bbox 772 2952 2848 3049; baseline 0 -23"><span class='ocrx_word' id='word_1_159' title='bbox 772 2954 1099 3038; x_wconf 89' lang='lat' dir='ltr'><strong>tertium,</strong></span> <span class='ocrx_word' id='word_1_160' title='bbox 1134 2954 1358 3047; x_wconf 90' lang='lat' dir='ltr'><strong>quod,</strong></span> <span class='ocrx_word' id='word_1_161' title='bbox 1395 2953 1759 3026; x_wconf 85' lang='lat' dir='ltr'><strong>existente</strong></span> <span class='ocrx_word' id='word_1_162' title='bbox 1804 2952 1955 3025; x_wconf 89' lang='lat' dir='ltr'><strong>sole</strong></span> <span class='ocrx_word' id='word_1_163' title='bbox 2008 2953 2085 3025; x_wconf 93' lang='lat' dir='ltr'><strong>in</strong></span> <span class='ocrx_word' id='word_1_164' title='bbox 2136 2954 2660 3049; x_wconf 66' lang='lat' dir='ltr'><strong>aequinoctiali,</strong></span> <span class='ocrx_word' id='word_1_165' title='bbox 2715 2978 2848 3026; x_wconf 87' lang='lat' dir='ltr'><strong>au-</strong></span> 
     </span>
     <span class='ocr_line' id='line_1_28' title="bbox 770 3063 2850 3163; baseline 0 -25"><span class='ocrx_word' id='word_1_166' title='bbox 770 3080 1088 3162; x_wconf 85' lang='lat' dir='ltr'><strong>geantur</strong></span> <span class='ocrx_word' id='word_1_167' title='bbox 1162 3066 1404 3139; x_wconf 89' lang='lat' dir='ltr'><strong>adhuc</strong></span> <span class='ocrx_word' id='word_1_168' title='bbox 1480 3066 1815 3163; x_wconf 85' lang='lat' dir='ltr'><strong>amplius.</strong></span> <span class='ocrx_word' id='word_1_169' title='bbox 1938 3063 2058 3138; x_wconf 92' lang='lat' dir='ltr'><strong>Ad</strong></span> <span class='ocrx_word' id='word_1_170' title='bbox 2126 3089 2288 3161; x_wconf 89' lang='lat' dir='ltr'><strong>quae</strong></span> <span class='ocrx_word' id='word_1_171' title='bbox 2355 3066 2850 3162; x_wconf 87' lang='lat' dir='ltr'><strong>phaenomena</strong></span> 
     </span>
     <span class='ocr_line' id='line_1_29' title="bbox 772 3178 2848 3274; baseline -0.001 -23"><span class='ocrx_word' id='word_1_172' title='bbox 772 3179 1120 3252; x_wconf 86' lang='lat' dir='ltr'><strong>salvanda</strong></span> <span class='ocrx_word' id='word_1_173' title='bbox 1152 3178 1506 3251; x_wconf 89' lang='lat' dir='ltr'><strong>habemus</strong></span> <span class='ocrx_word' id='word_1_174' title='bbox 1533 3180 1687 3274; x_wconf 89' lang='lat' dir='ltr'><strong>jam</strong></span> <span class='ocrx_word' id='word_1_175' title='bbox 1723 3189 2041 3272; x_wconf 90' lang='lat' dir='ltr'><strong>quatuor</strong></span> <span class='ocrx_word' id='word_1_176' title='bbox 2076 3189 2322 3251; x_wconf 91' lang='lat' dir='ltr'><strong>motus</strong></span> <span class='ocrx_word' id='word_1_177' title='bbox 2358 3193 2530 3252; x_wconf 89' lang='lat' dir='ltr'><strong>ante</strong></span> <span class='ocrx_word' id='word_1_178' title='bbox 2563 3201 2848 3252; x_wconf 85' lang='lat' dir='ltr'><strong>memo-</strong></span> 
     </span>
     <span class='ocr_line' id='line_1_30' title="bbox 765 3290 2844 3388; baseline 0.001 -23"><span class='ocrx_word' id='word_1_179' title='bbox 765 3305 992 3365; x_wconf 65' lang='lat' dir='ltr'><strong>ratos</strong></span> <span class='ocrx_word' id='word_1_180' title='bbox 1097 3290 1640 3365; x_wconf 90' lang='lat' dir='ltr'><strong>Assumendum</strong></span> <span class='ocrx_word' id='word_1_181' title='bbox 1673 3302 1919 3364; x_wconf 89' lang='lat' dir='ltr'><strong>autem</strong></span> <span class='ocrx_word' id='word_1_182' title='bbox 1968 3304 2102 3380; x_wconf 89' lang='lat' dir='ltr'><strong>est,</strong></span> <span class='ocrx_word' id='word_1_183' title='bbox 2159 3292 2357 3386; x_wconf 90' lang='lat' dir='ltr'><strong>quod</strong></span> <span class='ocrx_word' id='word_1_184' title='bbox 2389 3317 2563 3388; x_wconf 82' lang='lat' dir='ltr'><strong>pars</strong></span> <span class='ocrx_word' id='word_1_185' title='bbox 2598 3305 2844 3382; x_wconf 88' lang='lat' dir='ltr'><strong>terrae,</strong></span> 
     </span>
     <span class='ocr_line' id='line_1_31' title="bbox 767 3403 2845 3502; baseline 0.001 -26"><span class='ocrx_word' id='word_1_186' title='bbox 767 3429 986 3502; x_wconf 88' lang='lat' dir='ltr'><strong>quam</strong></span> <span class='ocrx_word' id='word_1_187' title='bbox 1021 3405 1281 3477; x_wconf 90' lang='lat' dir='ltr'><strong>dicunt</strong></span> <span class='ocrx_word' id='word_1_188' title='bbox 1315 3403 1755 3492; x_wconf 87' lang='lat' dir='ltr'><strong>Americam,</strong></span> <span class='ocrx_word' id='word_1_189' title='bbox 1793 3404 2004 3498; x_wconf 88' lang='lat' dir='ltr'><strong>aquis</strong></span> <span class='ocrx_word' id='word_1_190' title='bbox 2040 3416 2316 3493; x_wconf 84' lang='lat' dir='ltr'><strong>exerta,</strong></span> <span class='ocrx_word' id='word_1_191' title='bbox 2353 3416 2431 3477; x_wconf 97' lang='lat' dir='ltr'><strong>et</strong></span> <span class='ocrx_word' id='word_1_192' title='bbox 2466 3430 2512 3478; x_wconf 89' lang='lat' dir='ltr'><strong>a</strong></span> <span class='ocrx_word' id='word_1_193' title='bbox 2547 3419 2845 3502; x_wconf 86' lang='lat' dir='ltr'><strong>septen-</strong></span> 
     </span>
     <span class='ocr_line' id='line_1_32' title="bbox 763 3516 2846 3613; baseline 0 -22"><span class='ocrx_word' id='word_1_194' title='bbox 763 3519 1005 3592; x_wconf 88' lang='lat' dir='ltr'><strong>trione</strong></span> <span class='ocrx_word' id='word_1_195' title='bbox 1073 3518 1150 3590; x_wconf 92' lang='lat' dir='ltr'><strong>in</strong></span> <span class='ocrx_word' id='word_1_196' title='bbox 1209 3528 1542 3590; x_wconf 87' lang='lat' dir='ltr'><strong>austrum</strong></span> <span class='ocrx_word' id='word_1_197' title='bbox 1598 3540 1734 3613; x_wconf 93' lang='lat' dir='ltr'><strong>per</strong></span> <span class='ocrx_word' id='word_1_198' title='bbox 1790 3528 2033 3589; x_wconf 91' lang='lat' dir='ltr'><strong>totum</strong></span> <span class='ocrx_word' id='word_1_199' title='bbox 2091 3516 2248 3590; x_wconf 89' lang='lat' dir='ltr'><strong>fere</strong></span> <span class='ocrx_word' id='word_1_200' title='bbox 2299 3518 2846 3592; x_wconf 87' lang='lat' dir='ltr'><strong>semicirculum</strong></span> 
     </span>
     <span class='ocr_line' id='line_1_33' title="bbox 763 3629 2206 3758; baseline -0.001 -54"><span class='ocrx_word' id='word_1_201' title='bbox 763 3643 1089 3720; x_wconf 85' lang='lat' dir='ltr'><strong>extensa,</strong></span> <span class='ocrx_word' id='word_1_202' title='bbox 1125 3654 1483 3758; x_wconf 79' lang='lat' dir='ltr'><strong>aquarum</strong></span> <span class='ocrx_word' id='word_1_203' title='bbox 1517 3629 1755 3703; x_wconf 91' lang='lat' dir='ltr'><strong>motui</strong></span> <span class='ocrx_word' id='word_1_204' title='bbox 1789 3630 2206 3727; x_wconf 88' lang='lat' dir='ltr'><strong>objiciatur.</strong></span> 
     </span>
    </p>

    <p class='ocr_par' dir='ltr' id='par_1_10' title="bbox 759 3741 2845 4407">
     <span class='ocr_line' id='line_1_34' title="bbox 865 3741 2845 3841; baseline 0.001 -25"><span class='ocrx_word' id='word_1_205' title='bbox 865 3744 1005 3816; x_wconf 92' lang='lat' dir='ltr'><strong>His</strong></span> <span class='ocrx_word' id='word_1_206' title='bbox 1042 3744 1257 3833; x_wconf 83' lang='lat' dir='ltr'><strong>datis,</strong></span> <span class='ocrx_word' id='word_1_207' title='bbox 1295 3744 1392 3816; x_wconf 91' lang='lat' dir='ltr'><strong>sit</strong></span> <span class='ocrx_word' id='word_1_208' title='bbox 1420 3744 1498 3816; x_wconf 92' lang='lat' dir='ltr'><strong>in</strong></span> <span class='ocrx_word' id='word_1_209' title='bbox 1535 3743 1794 3815; x_wconf 88' lang='lat' dir='ltr'><strong>eadem</strong></span> <span class='ocrx_word' id='word_1_210' title='bbox 1825 3742 1951 3839; x_wconf 86' lang='lat' dir='ltr'><strong>fig.</strong></span> <span class='ocrx_word' id='word_1_211' title='bbox 1990 3752 2062 3831; x_wconf 89' lang='lat'><strong>4,</strong></span> <span class='ocrx_word' id='word_1_212' title='bbox 2110 3743 2240 3816; x_wconf 90' lang='lat' dir='ltr'><strong>ubi</strong></span> <span class='ocrx_word' id='word_1_213' title='bbox 2287 3741 2321 3814; x_wconf 86' lang='lat' dir='ltr'><strong>l</strong></span> <span class='ocrx_word' id='word_1_214' title='bbox 2339 3741 2382 3814; x_wconf 79' lang='lat' dir='ltr'><em>b</em></span> <span class='ocrx_word' id='word_1_215' title='bbox 2410 3744 2457 3815; x_wconf 68' lang='lat' dir='ltr'><strong>l:</strong></span> <span class='ocrx_word' id='word_1_216' title='bbox 2479 3768 2522 3816; x_wconf 83' lang='lat' dir='ltr'><strong>c</strong></span> <span class='ocrx_word' id='word_1_217' title='bbox 2571 3769 2845 3841; x_wconf 90' lang='lat' dir='ltr'><strong>suppo-</strong></span> 
     </span>
     <span class='ocr_line' id='line_1_35' title="bbox 761 3855 2840 3953; baseline 0.001 -24"><span class='ocrx_word' id='word_1_218' title='bbox 761 3857 966 3929; x_wconf 84' lang='lat' dir='ltr'><strong>nitur</strong></span> <span class='ocrx_word' id='word_1_219' title='bbox 994 3879 1152 3929; x_wconf 91' lang='lat' dir='ltr'><strong>esse</strong></span> <span class='ocrx_word' id='word_1_220' title='bbox 1186 3856 1262 3928; x_wconf 91' lang='lat' dir='ltr'><strong>in</strong></span> <span class='ocrx_word' id='word_1_221' title='bbox 1297 3857 1518 3953; x_wconf 90' lang='lat' dir='ltr'><strong>plano</strong></span> <span class='ocrx_word' id='word_1_222' title='bbox 1555 3856 1817 3929; x_wconf 85' lang='lat' dir='ltr'><strong>orbitae</strong></span> <span class='ocrx_word' id='word_1_223' title='bbox 1852 3867 2096 3928; x_wconf 88' lang='lat' dir='ltr'><strong>motus</strong></span> <span class='ocrx_word' id='word_1_224' title='bbox 2129 3855 2409 3929; x_wconf 89' lang='lat' dir='ltr'><strong>lunaris</strong></span> <span class='ocrx_word' id='word_1_225' title='bbox 2451 3860 2840 3947; x_wconf 87' lang='lat' dir='ltr'><strong>menstrui,</strong></span> 
     </span>
     <span class='ocr_line' id='line_1_36' title="bbox 761 3968 2839 4068; baseline 0.001 -26"><span class='ocrx_word' id='word_1_226' title='bbox 761 3968 1173 4064; x_wconf 89' lang='lat' dir='ltr'><strong>descriptus</strong></span> <span class='ocrx_word' id='word_1_227' title='bbox 1210 3969 1467 4041; x_wconf 89' lang='lat' dir='ltr'><strong>eodem</strong></span> <span class='ocrx_word' id='word_1_228' title='bbox 1505 3981 1762 4042; x_wconf 89' lang='lat' dir='ltr'><strong>centro</strong></span> <span class='ocrx_word' id='word_1_229' title='bbox 1800 3994 1848 4041; x_wconf 83' lang='lat' dir='ltr'><strong>a</strong></span> <span class='ocrx_word' id='word_1_230' title='bbox 1885 3968 2218 4042; x_wconf 88' lang='lat' dir='ltr'><strong>circellus</strong></span> <span class='ocrx_word' id='word_1_231' title='bbox 2255 3968 2524 4043; x_wconf 75' lang='lat' dir='ltr'><strong>dee</strong></span> <span class='ocrx_word' id='word_1_232' title='bbox 2504 3996 2581 4043; x_wconf 90' lang='grc'><strong>111</strong></span> <span class='ocrx_word' id='word_1_233' title='bbox 2615 3972 2839 4068; x_wconf 86' lang='lat' dir='ltr'><strong>plano</strong></span> 
     </span>
     <span class='ocr_line' id='line_1_37' title="bbox 759 4082 2844 4179; baseline 0.002 -25"><span class='ocrx_word' id='word_1_234' title='bbox 759 4082 1319 4176; x_wconf 77' lang='lat' dir='ltr'><strong>aequinoctialis.</strong></span> <span class='ocrx_word' id='word_1_235' title='bbox 1424 4083 1497 4155; x_wconf 92' lang='lat' dir='ltr'><strong>Is</strong></span> <span class='ocrx_word' id='word_1_236' title='bbox 1546 4105 1723 4179; x_wconf 84' lang='lat' dir='ltr'><strong>ergo</strong></span> <span class='ocrx_word' id='word_1_237' title='bbox 1777 4082 2113 4156; x_wconf 89' lang='lat' dir='ltr'><strong>circellus</strong></span> <span class='ocrx_word' id='word_1_238' title='bbox 2165 4082 2564 4158; x_wconf 89' lang='lat' dir='ltr'><strong>declinabit</strong></span> <span class='ocrx_word' id='word_1_239' title='bbox 2609 4110 2657 4158; x_wconf 87' lang='lat' dir='ltr'><strong>a</strong></span> <span class='ocrx_word' id='word_1_240' title='bbox 2702 4087 2844 4159; x_wconf 87' lang='lat' dir='ltr'><strong>cir·</strong></span> 
     </span>
     <span class='ocr_line' id='line_1_38' title="bbox 761 4193 2840 4294; baseline 0.003 -28"><span class='ocrx_word' id='word_1_241' title='bbox 761 4194 946 4268; x_wconf 91' lang='lat' dir='ltr'><strong>cello</strong></span> <span class='ocrx_word' id='word_1_242' title='bbox 1003 4194 1038 4267; x_wconf 83' lang='lat' dir='ltr'><strong>l</strong></span> <span class='ocrx_word' id='word_1_243' title='bbox 1062 4193 1105 4266; x_wconf 79' lang='lat' dir='ltr'><em>b</em></span> <span class='ocrx_word' id='word_1_244' title='bbox 1132 4195 1180 4267; x_wconf 81' lang='lat' dir='ltr'><em>k</em></span> <span class='ocrx_word' id='word_1_245' title='bbox 1203 4220 1243 4268; x_wconf 86' lang='lat' dir='ltr'><strong>c</strong></span> <span class='ocrx_word' id='word_1_246' title='bbox 1306 4195 1382 4267; x_wconf 92' lang='lat' dir='ltr'><strong>in</strong></span> <span class='ocrx_word' id='word_1_247' title='bbox 1442 4195 1713 4291; x_wconf 85' lang='lat' dir='ltr'><strong>angulo</strong></span> <span class='ocrx_word' id='word_1_248' title='bbox 1782 4197 2141 4292; x_wconf 80' lang='lat' dir='ltr'><strong>graduum</strong></span> <span class='ocrx_word' id='word_1_249' title='bbox 2208 4196 2363 4269; x_wconf 85' lang='lat' dir='ltr'><strong>fere</strong></span> <span class='ocrx_word' id='word_1_250' title='bbox 2424 4199 2596 4294; x_wconf 45' lang='lat'><strong>283,</strong></span> <span class='ocrx_word' id='word_1_251' title='bbox 2666 4224 2840 4272; x_wconf 88' lang='lat' dir='ltr'><strong>nam</strong></span> 
     </span>
     <span class='ocr_line' id='line_1_39' title="bbox 761 4307 2839 4407; baseline 0.003 -27"><span class='ocrx_word' id='word_1_252' title='bbox 761 4307 1158 4382; x_wconf 88' lang='lat' dir='ltr'><strong>declinatio</strong></span> <span class='ocrx_word' id='word_1_253' title='bbox 1195 4309 1512 4380; x_wconf 85' lang='lat' dir='ltr'><strong>maxima</strong></span> <span class='ocrx_word' id='word_1_254' title='bbox 1545 4307 1906 4403; x_wconf 84' lang='lat' dir='ltr'><strong>eclipticae</strong></span> <span class='ocrx_word' id='word_1_255' title='bbox 1945 4322 2058 4381; x_wconf 91' lang='lat' dir='ltr'><strong>est</strong></span> <span class='ocrx_word' id='word_1_256' title='bbox 2079 4348 2088 4355; x_wconf 89' lang='lat'><strong>·</strong></span> <span class='ocrx_word' id='word_1_257' title='bbox 2108 4309 2469 4404; x_wconf 85' lang='lat' dir='ltr'><strong>graduum</strong></span> <span class='ocrx_word' id='word_1_258' title='bbox 2507 4313 2680 4407; x_wconf 61' lang='lat'><strong>2323,</strong></span> <span class='ocrx_word' id='word_1_259' title='bbox 2717 4313 2839 4385; x_wconf 89' lang='lat' dir='ltr'><strong>cui</strong></span> 
     </span>
    </p>
   </div>
  </div>
 </body>
</html>
