3182 5102
949 531 1119 574 vrrAE
1153 530 1523 575 noamANAE
1558 529 1979 574 AucrAmuM.
2359 506 2537 570 lxxix

941 737 1027 791 IN
1065 736 1352 793 HOBBII
1389 738 1964 793 DEFENSIONEM.

448 882 732 948 Unicum
782 882 1175 949 solummodo
1223 885 1467 970 reperio
1515 885 1838 971 scriptum,
1895 885 2087 971 idque
2129 904 2535 969 anonymum,

355 1019 532 1084 hunc
560 1044 694 1107 prae
716 1044 783 1086 se
811 1021 1016 1086 ferens
1044 1021 1333 1086 titulum:
1379 1028 1769 1089 Dissertatio
1793 1028 1872 1088 de
1899 1026 2254 1108 Principiis
2273 1026 2451 1087 Justi
2478 1029 2541 1085 et

357 1159 620 1235 Decori,
670 1163 992 1224 continens
1017 1159 1386 1244 Apoloqiam
1404 1183 1530 1244 pro
1566 1162 1876 1225 Tractatu
1915 1162 2275 1225 Clarissimi
2302 1160 2542 1224 Hobbii

358 1297 469 1359 De
504 1296 671 1370 Cive,
704 1298 910 1358 12mo.
944 1292 1211 1358 Amstel.
1250 1297 1434 1358 1651.

451 1618 668 1684 Tanto
697 1619 910 1707 itaque
956 1618 1457 1685 adversariorum
1485 1620 1726 1707 agmini
1755 1642 1838 1685 ex
1865 1619 2150 1707 opposito
2180 1618 2347 1684 solus
2381 1620 2541 1685 sisti-

362 1768 475 1818 tur
506 1753 821 1832 Hobbius,

702 1945 738 1971 ‘⁸
760 1942 949 2006 Parque
968 1959 1151 1993 novum
1175 1943 1389 1992 Fortuna
1417 1943 1548 1992 videt
1568 1958 1855 1993 concurrere
1876 1942 2061 1992 bellum

752 2035 911 2096 Atque
935 2031 1144 2082 virum.''
2139 2030 2412 2081 Lucanus.

457 2194 649 2270 Quod
678 2218 828 2260 sane
855 2196 1043 2262 alicui
1084 2219 1316 2261 novum
1371 2210 1436 2260 et
1478 2196 1799 2262 insolitum
1829 2196 2054 2261 merito
2085 2196 2281 2288 videri
2310 2196 2541 2282 possit3

368 2332 722 2416 praesertim
753 2355 896 2397 cum
927 2334 1093 2397 inter
1113 2332 1392 2398 literatos
1416 2333 1522 2396 vix
1545 2333 1880 2419 quicquam
1903 2346 2029 2396 tam
2048 2331 2303 2397 absurdi
2334 2330 2542 2408 fuerit,

369 2467 530 2556 quin
555 2491 698 2533 suos
715 2470 1027 2535 invenerit
1048 2485 1402 2535 assertores
1452 2469 1598 2534 Hoc
1628 2485 1860 2547 tamen,
1891 2469 1944 2533 si
1966 2469 2344 2555 conjecturae
2372 2467 2545 2531 locus

367 2603 471 2681 sit,
494 2604 728 2669 exinde
755 2603 964 2671 forsan
992 2607 1324 2693 provenire
1347 2607 1590 2695 potuit3
1637 2606 1805 2693 quia,
1840 2619 1912 2670 ut
1940 2604 2330 2692 philosophia
2361 2606 2545 2671 Hob-
2573 2647 2582 2655 -

367 2739 563 2804 biana
591 2754 891 2828 tanquam
919 2742 1176 2830 paulum
1208 2743 1363 2831 quid
1385 2743 1705 2831 paradoxa
1732 2741 1961 2808 multos
1989 2755 2175 2808 nacta
2201 2742 2282 2806 sit
2304 2763 2546 2829 oppug-

369 2890 642 2952 natores,
678 2877 816 2955 ita,
869 2880 1083 2946 nativa
1132 2880 1394 2946 veritate
1450 2879 1726 2957 defensa,
1785 2879 1999 2966 paucis
2049 2901 2205 2966 opus
2255 2879 2549 2943 habuerit

368 3009 698 3090 vindicii33
741 3035 825 3077 an
871 3014 980 3078 vix
1029 3029 1315 3102 repertus
1365 3027 1460 3080 est
1509 3015 1842 3103 quisquam
1896 3014 2024 3080 suis
2074 3013 2232 3078 adeo
2277 3014 2548 3078 confisus

369 3148 630 3226 viribus,
662 3150 771 3237 qui
823 3152 1092 3238 seipsum
1139 3150 1439 3239 suppetiis
1483 3164 1661 3217 tanto
1703 3148 1943 3214 homini
1972 3147 2244 3213 ferendis
2272 3148 2547 3213 habilem

370 3286 670 3364 senserit3
715 3301 826 3351 aut
855 3287 1162 3377 discipuli,
1194 3286 1276 3351 de
1305 3286 1611 3352 doctrinae
1651 3287 1785 3373 ejus
1835 3286 2211 3351 certitudine
2249 3287 2547 3371 persuasi,

374 3444 680 3507 magnum
713 3424 1160 3503 Θαυμασιωτάτυ
1201 3422 1367 3487 senis
1409 3422 1736 3510 ingenium
1779 3421 2070 3518 religioso
2119 3444 2261 3486 cum
2301 3422 2547 3487 silentio

375 3571 773 3635 venerantes»,
818 3558 952 3644 ipso
998 3557 1063 3622 in
1122 3559 1278 3623 vivis
1322 3573 1551 3646 agente
1598 3557 1844 3623 nullum
1901 3558 2097 3622 alium
2138 3557 2547 3645 philosophiae

378 3691 743 3758 Hobbianae
773 3693 1083 3758 vindicem
1112 3717 1247 3760 esse
1273 3709 1564 3782 oportere
1582 3694 1950 3782 judicarint.

464 3828 854 3894 Exorientur
894 3828 1063 3908 olim,
1104 3830 1214 3915 qui
1259 3830 1626 3918 praeclaram
1656 3831 1825 3897 illam
1877 3830 2331 3918 philosophiam
2361 3832 2549 3917 justis

376 3967 842 4032 commentariis
882 3966 1193 4032 illustrare
1232 3967 1636 4046 contendent,
1683 3990 1828 4054 quae
1873 3967 1940 4031 in
1969 3966 2192 4031 scholis
2221 3981 2286 4032 et
2325 3968 2548 4033 acade-

379 4102 518 4165 miis
548 4118 817 4189 recepta,
849 4101 1020 4189 quod
1049 4103 1220 4168 haud
1263 4105 1437 4169 vanis
1480 4103 1761 4192 auguriis
1803 4103 1942 4167 sibi‘
1965 4103 2249 4189 promisit
2297 4104 2544 4181 author,

379 4237 607 4303 debitis
647 4237 993 4303 honoribus
1035 4240 1330 4326 potietur.
1420 4240 1853 4328 Deprecamur
1897 4240 2150 4304 interim
2199 4240 2550 4305 Aristotelis

381 4373 817 4452 infortunium,
867 4389 1040 4440 tanto
1091 4375 1504 4462 interpretum
1538 4375 1816 4440 exercitu
1849 4375 2144 4461 oppressi,
2177 4389 2250 4439 ut
2276 4375 2550 4461 philoso-

382 4510 592 4595 phiam
620 4533 800 4576 suam
829 4509 1063 4575 frivolis
1090 4513 1459 4578 commentis
1487 4512 1882 4577 obscuratam
1903 4512 2008 4576 vix
2036 4524 2418 4599 agnosceret.
