3182 5102
1009 469 1117 521 nn
1155 470 1493 523 NATURA
1532 470 1838 525 Morus.
2320 454 2455 533 179

368 646 640 711 conatu
672 661 806 710 suo
840 662 1057 710 unum
1091 661 1341 712 eorum
1364 639 1590 738 facit
1625 650 1707 713 ut
1741 639 2064 712 alterum
2098 638 2220 711 vel
2250 662 2456 737 pare

369 752 533 846 ejus
569 751 732 824 loco
767 751 1017 825 cedat.

468 864 778 953 Quinto,
812 865 1218 939 restituere
1250 891 1333 939 se
1367 891 1642 964 corpus
1674 890 2028 964 pressum
2052 891 2187 938 nec
2225 865 2454 938 dimo-

366 987 519 1051 tum
581 979 919 1067 dicimus,
975 980 1297 1076 quanda,
1355 979 1655 1052 sublato
1697 989 2116 1078 premente,
2171 989 2454 1077 parte-5

365 1092 528 1184 ejus
562 1101 778 1163 motce
814 1101 1147 1189 propter
1183 1092 1429 1190 ipsam
1464 1092 1813 1190 corporis
1852 1092 2222 1165 internam
2280 1117 2451 1166 con-

364 1204 823 1277 stitutionem
879 1204 955 1277 in
1012 1229 1220 1277 suum
1281 1230 1594 1303 quoeque
1653 1205 1890 1278 locum
1943 1205 2260 1278 redeunt
2281 1233 2310 1288 ;
2372 1205 2452 1279 id

367 1317 565 1412 quod
617 1318 777 1390 fieri
811 1317 1145 1391 videmus
1197 1318 1275 1391 in
1328 1319 1673 1407 elateriis‚
1723 1319 1801 1391 in
1835 1319 2096 1392 vesicis
2145 1319 2447 1408 inflatiS‚

365 1443 442 1503 et
470 1432 546 1504 in
577 1432 827 1505 multis
856 1432 1017 1505 aliis
1041 1433 1497 1528 corporibuS,
1527 1456 1843 1529 quorum
1869 1444 2120 1528 partes
2147 1433 2448 1505 conatui

364 1545 696 1641 corporis
730 1546 1134 1641 prementis
1186 1547 1425 1641 primo
1461 1546 1761 1643 quidem
1795 1546 2109 1641 appulsu
2140 1546 2305 1642 plus
2331 1546 2449 1618 vel

364 1658 606 1732 minus
659 1658 957 1747 cedunt,
1009 1671 1270 1755 postea
1320 1683 1499 1733 vero
1548 1661 1863 1750 (remoto
1914 1660 2325 1755 premente)
2374 1659 2448 1731 vi

361 1771 608 1868 aliqua
628 1772 923 1845 interna
955 1796 1034 1845 se
1070 1773 1494 1863 restituunt,
1525 1786 1602 1846 et
1635 1773 1778 1846 toti
1807 1773 2100 1868 corpori
2134 1775 2448 1869 figuram

362 1909 570 1957 suam
603 1886 926 1982 priorem
963 1885 1308 1959 reddunt.

463 2000 716 2088 Sexto,
765 2000 908 2072 vim
944 1999 1375 2073 definiemus
1404 2025 1569 2072 esse
1606 2001 1954 2098 impetum
1987 1998 2445 2097 multiplica-

362 2123 511 2185 tum
543 2114 701 2186 sive
736 2114 813 2186 in
833 2138 938 2202 se,
965 2114 1121 2186 sive
1158 2114 1232 2187 in
1261 2114 1848 2212 magnitudinem
1880 2113 2259 2202 moventis,
2294 2139 2446 2211 qua

361 2252 649 2301 movens
670 2226 857 2325 plue
878 2227 998 2299 vel
1028 2227 1263 2299 minus
1298 2228 1471 2325 agit
1494 2228 1569 2299 in
1591 2251 1865 2324 corpus
1900 2225 2105 2322 quod
2123 2227 2441 2300 resistit.

460 2351 533 2414 3.
590 2341 730 2414 His
797 2341 1084 2437 positis,
1156 2340 1824 2413 demonstrabimus
1884 2339 2168 2435 primo:
2244 2341 2449 2437 quod

348 2464 708 2550 punctum
763 2454 1173 2550 quie-scene,
1223 2454 1344 2526 eui
1379 2453 1601 2526 aliud
1634 2462 1996 2553 punctum
2050 2453 2442 2549 quantulo-

361 2592 645 2664 cunque
683 2567 958 2664 impetu
994 2591 1227 2664 usque
1254 2566 1366 2639 ud
1395 2576 1814 2640 contactum
1849 2565 2306 2655 admovetur,
2343 2567 2442 2639 ab

361 2704 446 2750 eo
483 2680 763 2777 impetu
799 2678 1224 2751 movebitur.
1330 2679 1524 2750 Nam
1554 2679 1617 2750 si
1643 2678 1736 2750 ab
1773 2701 1860 2751 eo
1897 2677 2179 2773 impetu
2206 2702 2250 2751 a
2276 2679 2441 2753 loco

361 2814 493 2863 suo
529 2790 715 2863 nihil
748 2791 1036 2863 omnino
1070 2800 1562 2878 removeatur,
1600 2815 1836 2887 neque
1869 2789 1966 2861 ab
2022 2814 2109 2862 eo
2163 2791 2441 2889 impetu

362 2903 753 3002 duplicato
813 2904 1331 2992 removebitur,
1388 2905 1566 3000 quia
1625 2903 1929 3002 duplum
1983 2903 2195 2993 nihil,
2250 2905 2446 2978 nihil

362 3028 516 3100 e8t;
569 3029 646 3090 et
679 3042 812 3113 per
849 3017 1159 3090 eandem
1192 3017 1583 3106 rationem,
1629 3040 1867 3113 neque
1905 3017 1999 3089 ab
2035 3042 2123 3090 eo
2158 3018 2440 3114 impetu

361 3131 830 3226 quantumvis
879 3130 1370 3227 multiplicato
1424 3130 1949 3219 removebitur,
2012 3130 2184 3226 quia
2231 3131 2440 3218 nihil,

359 3257 734 3339 utcunque
787 3244 1379 3340 multiplicatum,
1431 3267 1723 3340 semper
1772 3255 1885 3316 est
1933 3243 2159 3325 nihih
2215 3268 2439 3339 quare

357 3370 718 3455 punctum
755 3357 1163 3452 quiescens,
1189 3356 1251 3428 si
1272 3381 1423 3429 non
1452 3357 1671 3430 cedat
1705 3356 2013 3453 impetui
2049 3357 2439 3452 quantulo-

359 3495 675 3567 cunque,
711 3471 892 3543 nulli
930 3471 1166 3559 cedet,
1206 3483 1282 3543 et
1313 3495 1448 3566 per
1483 3493 1942 3566 consequens
1988 3469 2437 3566 impossibile

359 3597 473 3659 est
505 3597 593 3657 ut
627 3584 827 3681 quod
861 3585 1175 3680 quiescit
1207 3609 1535 3679 unquam
1569 3596 2014 3657 moveretur.

459 3696 826 3786 Secund0‚
864 3697 1068 3794 quod
1095 3696 1166 3768 si
1184 3707 1548 3795 punctum
1584 3707 1850 3769 motum
1902 3697 2436 3794 quantulocun-

357 3837 501 3909 que
537 3811 816 3908 impetu
853 3810 1144 3883 ineidat
1180 3811 1254 3882 in
1276 3820 1638 3909 punctum
1674 3810 2020 3908 eorporis
2055 3811 2437 3908 quiescen-

357 3924 458 3996 tis
516 3925 1036 4020 cujuscunque,
1094 3925 1322 3996 etiam
1369 3924 1779 4012 durissimi,
1817 3924 2059 4021 ipsum
2110 3924 2438 4021 appulsu

342 4037 600 4135 primo
636 4036 907 4110 cedere
941 4036 1419 4134 aliquatenus
1455 4047 1697 4136 coget.
1804 4038 1999 4109 Nam
2034 4037 2095 4110 si
2129 4038 2437 4133 impetui

357 4149 559 4240 dato,
615 4149 1304 4246 quantuluscunque
1355 4151 1419 4223 is
1455 4151 1576 4237 sit,
1613 4151 1798 4223 nihil
1846 4150 2147 4224 omnino
2194 4150 2433 4240 cedat,

356 4287 596 4360 neque
631 4263 939 4359 impetui
975 4262 1191 4336 cedet
1229 4276 1680 4360 punctorum
1723 4276 2194 4359 quotcunque
2228 4265 2435 4336 volu-

356 4378 524 4464 eriS‚
595 4400 760 4472 quae
826 4375 1105 4450 habent
1172 4376 1461 4473 singula
1518 4377 1836 4472 impetus
1899 4376 2227 4473 singulos
2295 4378 2435 4474 ipsi

1998 4501 2050 4550 N
2092 4488 2136 4552 2

2514 646 2604 697 ΡΑ
2612 646 2696 695 Rs
2733 646 2839 696 111.

2648 715 2722 761 16.

2467 2352 2785 2401 'theoremata

2464 2418 2685 2480 quedam
2707 2419 2767 2467 de

2463 2493 2635 2533 natura
2657 2492 2832 2533 motus.
