3182 5102
918 638 1254 713 Quibusque
1282 634 1521 693 stimulis
1547 642 1790 711 urgeant
1815 636 1915 693 irae
1943 653 2173 712 graves;

918 742 1036 799 Hic
1061 748 1120 798 et
1145 739 1384 807 dolores,
1412 747 1471 796 et
1497 738 1816 814 voluptates
1841 757 1972 796 suos

919 844 1180 903 Produnt
1205 860 1484 911 recessum
1528 842 1649 916 ipse
1676 860 1782 899 nec
1807 842 1977 900 timor
2001 843 2156 902 latet.

1077 947 1201 1004 Has
1228 945 1381 1003 norit
1404 953 1552 1002 artes
1579 944 1837 1020 quisquis
1862 945 1921 1001 in
1949 944 2076 1004 foro
2103 946 2238 1003 velit

920 1050 1263 1110 Animorum
1291 1051 1538 1108 habenas
1564 1049 1808 1118 flectere,
1838 1056 1898 1108 et
1922 1051 2166 1126 populos
2193 1052 2355 1127 cupit

927 1155 1099 1231 Aptis
1122 1155 1325 1231 ligatos
1351 1154 1594 1210 nexibus
1624 1152 1794 1229 jungi
1819 1152 1946 1211 sibi.

924 1258 1043 1317 Hic
1070 1257 1444 1316 Archimedes
1470 1257 1733 1333 publicus
1759 1256 1899 1334 figat
1923 1258 2145 1334 pedem,

926 1362 1217 1440 Siquando
1244 1380 1421 1439 regna
1446 1361 1722 1419 machinis
1748 1360 1994 1436 politicis

923 1466 1146 1543 Urgere
1173 1465 1396 1542 satagit,
1425 1471 1483 1522 et
1507 1462 1657 1521 seras
1683 1471 1881 1539 gentes
1907 1466 2035 1533 ciet,

921 1569 1173 1646 Imisque
1199 1574 1416 1626 motum
1443 1567 1673 1625 sedibus
1693 1568 1970 1625 muudum
1997 1570 2213 1645 quatit:

923 1672 1113 1731 Facile
1140 1672 1394 1730 domabit
1422 1677 1646 1740 cuncta,
1674 1673 1775 1747 qui
1801 1674 1979 1730 menti
2004 1674 2264 1748 imperat.

1082 1775 1386 1835 Consultor
1405 1775 1610 1845 audax,
1636 1783 1696 1834 et
1723 1774 2066 1834 Promethaei
2093 1787 2295 1853 potens

924 1880 1213 1939 Facinoris
1239 1880 1458 1938 animet
1501 1881 1630 1956 quis
1656 1880 1761 1938 tibi
1789 1881 1949 1939 dedit
1973 1880 2135 1940 Deus

925 1983 1076 2043 Haec
1101 1983 1310 2042 intueri
1339 1983 1561 2042 saeculis
1586 1983 1755 2060 longe
1781 1984 1994 2053 abdita,

927 2088 1255 2165 Oculosque
1280 2087 1409 2146 luee
1434 2088 1606 2146 tinxit
1633 2090 1917 2147 ambrosia
1942 2097 2071 2146 tuos
2088 2089 2117 2147 Ρ

928 2191 1020 2249 Tu
1045 2193 1252 2250 mentis
1278 2192 1481 2261 omnio,
1510 2198 1570 2249 at
1594 2199 1709 2250 tuae
1737 2193 1893 2250 nulla
1918 2200 2006 2251 est
2031 2211 2227 2268 capax.

928 2296 1060 2355 Hac
1085 2296 1253 2355 laude
1280 2296 1433 2354 solus
1458 2294 1684 2355 fruere:
1725 2297 1980 2354 divinum
2008 2303 2093 2354 est
2119 2314 2261 2371 opus

934 2399 1203 2459 Animam
1230 2418 1460 2470 ereare3
1496 2400 1819 2476 proximum
1847 2400 1997 2468 huic,
2024 2398 2337 2457 ostendere.

1665 2605 1830 2665 ΚΑΙ).
1859 2602 2231 2672 ΒΑΤΗυΒεΤ,
2260 2600 2427 2659 Α.Μ.

1872 2706 1991 2764 Col.
2022 2707 2182 2764 Trin.
2212 2707 2390 2763 Oxou.
2421 2707 2540 2765 Soc.
