3182 5102
706 439 813 488 DE
854 438 1183 489 CAETERA
1228 440 1593 491 MOTUUM
1634 439 2125 490 VARIETATE.
2307 426 2454 491 283

381 607 580 704 quod
650 606 1104 681 dimensione
1172 608 1404 682 totius
1473 608 1805 705 corporis
1880 608 2251 697 metimur,
2338 623 2451 679 est
2497 613 2801 729 aug-¹¹¹·

378 721 613 793 instar
647 720 885 794 solidi.
992 721 1223 795 Solidi
1259 733 1506 796 autem
1542 734 1620 795 et
1652 721 2162 818 longitudiniS,
2199 720 2279 794 id
2313 733 2449 811 est,
2505 752 2788 786 -w-—s

378 836 618 925 lineae,
657 837 1109 932 comparatio
1143 836 1348 909 nulla
1375 849 1510 910 est.

490 954 602 1033 17.
659 950 737 1022 Si
772 951 1101 1045 corporis
1138 950 1532 1047 cujuslibet
1571 961 1820 1047 partes
1867 950 2182 1023 internae
2217 949 2458 1045 quies·
2486 967 2544 1014 1n
2566 966 2781 1030 partibus

382 1074 580 1149 cant,
638 1063 756 1136 vel
818 1063 1041 1135 situm
1098 1064 1295 1137 inter
1347 1087 1425 1136 se
1486 1062 1582 1136 ad
1639 1076 1930 1159 tempus
1988 1063 2457 1160 quantulum·
2481 1032 2844 1145 ζῗζῖῗῖἐῗέξω

382 1199 672 1304 cunque
708 1175 1024 1248 eundem
1059 1187 1521 1266 conservent,
1555 1176 1854 1249 nullus
1835 1200 1911 1249 m
1947 1176 2089 1249 illis
2124 1176 2456 1274 partibus
2481 1163 2690 1289 ffiffissfe
2718 1177 2812 1210 '¹⁰¹¹

382 1288 559 1363 oriri
614 1301 863 1386 potest
927 1313 1166 1385 neque
1221 1301 1467 1363 motus
1543 1311 1784 1385 neque
1846 1302 2179 1379 conatuS‚
2249 1291 2457 1386 cujus

383 1426 606 1475 causa
665 1402 987 1475 efficiens
1048 1426 1199 1475 non
1269 1402 1365 1475 sit
1433 1414 1646 1474 extra
1705 1426 1975 1498 corpus
2036 1405 2244 1499 cujus
2313 1403 2457 1476 illae
2570 1480 2577 1485 ,

381 1527 630 1612 partes
692 1527 888 1587 sunt.
1020 1513 1398 1611 Siquidem
1453 1515 1649 1587 enim
1704 1513 1782 1587 in
1838 1537 2148 1610 corpore
2210 1516 2457 1612 aliquo

382 1628 819 1724 particulam
860 1627 1179 1722 aliquam
1231 1627 1431 1701 intra
1476 1627 1708 1700 totius
1760 1628 2223 1724 superficiem
2259 1653 2458 1702 com-

383 1742 819 1839 prehensam
854 1765 1052 1814 nunc
1095 1742 1496 1837 quiescere,
1547 1765 1721 1813 mox
1773 1741 2052 1813 moveri
2094 1765 2461 1838 suppone-

385 1878 651 1943 remuS,
689 1877 986 1927 necesse
1040 1854 1182 1927 erit
1227 1866 1507 1951 partem
1566 1854 1770 1927 illam
1817 1879 1862 1927 a
1894 1867 2100 1927 moto
2155 1855 2459 1944 moveri,

387 1980 461 2041 et
495 1993 540 2040 a
573 1968 948 2064 contiguo.
1051 1968 1228 2041 Tale
1275 1981 1524 2041 autem
1574 1980 1862 2040 motum
1912 1979 1990 2041 et
2031 1969 2463 2064 contiguum

387 2081 583 2154 intra
638 2093 879 2154 totum
924 2105 1214 2177 corpus,
1271 2106 1404 2177 per
1455 2081 1928 2178 hypothesin,
1984 2081 2263 2155 nullum
2326 2094 2461 2155 est.

388 2196 643 2269 Oritur
694 2220 895 2291 ergo,
966 2196 1027 2268 si
1086 2196 1248 2292 quis
1313 2196 1574 2285 oritur,
1634 2207 1968 2284 conatus,
2022 2205 2292 2285 motus,
2347 2197 2464 2268 vel

388 2310 571 2382 situs
653 2308 993 2397 mutatio,
1067 2333 1113 2380 a
1171 2333 1395 2381 causa
1477 2304 1725 2405 aliqua
1807 2308 2171 2383 efficiente
2257 2323 2468 2383 extra

387 2446 677 2518 corpuS,
715 2423 922 2517 cujus
956 2422 1100 2495 illae
1138 2434 1312 2495 sunt
1357 2435 1608 2519 partes
1645 2422 2001 2496 internae:
2055 2423 2256 2519 quod
2306 2434 2467 2497 erat

387 2536 870 2633 probandum.

498 2659 608 2724 18.
664 2652 922 2747 Itaque
958 2651 1035 2723 in
1071 2651 1502 2746 corporibus
1547 2650 1776 2739 duris,
1833 2674 1995 2747 quae
2047 2673 2468 2747 compressa

388 2764 503 2836 vel
588 2778 894 2837 extensa
975 2764 1277 2853 fuerint,
1364 2765 1425 2837 si
1504 2765 1794 2837 sublato
1880 2775 2264 2860 premente
2348 2764 2465 2837 vel

390 2878 741 2951 tendente
825 2878 900 2950 in
985 2878 1226 2951 locum
1315 2878 1630 2950 situmve
1699 2902 1912 2950 suum
1995 2879 2318 2975 priorem
2387 2900 2465 2949 se

389 2991 817 3080 restituunt,
839 3014 1137 3063 necesse
1172 3003 1286 3063 est
1319 2991 1643 3086 partium
1676 3015 1972 3064 suarum
2007 2991 2461 3064 internarum

391 3116 763 3194 conatum,
815 3102 893 3176 id
951 3116 1086 3193 est,
1136 3116 1446 3191 motum,
1511 3128 1656 3199 quo
1712 3104 1877 3176 loca
1925 3115 2001 3175 et
2054 3104 2239 3176 situs
2294 3127 2465 3176 suos

389 3217 672 3314 priores
708 3217 1090 3313 potuerint
1126 3240 1585 3312 recuperare,
1625 3216 1944 3312 aliquem
1977 3216 2203 3288 fuisse
2241 3217 2466 3289 etiam

391 3342 564 3403 ante
595 3355 814 3427 quam
848 3354 1188 3426 premens
1217 3329 1621 3403 tendensve
1650 3341 2138 3402 amoveretur.
2205 3330 2465 3426 Itaque

392 3444 613 3517 etiam
647 3444 932 3516 balistae
961 3443 1236 3516 lamina
1271 3442 1628 3538 chalybea
1654 3455 1889 3531 tensa,
1919 3467 2083 3539 quae
2111 3443 2468 3538 permissa

394 3557 533 3629 sibi
602 3580 678 3629 se
740 3555 1089 3645 restituit,
1157 3555 1321 3645 etsi,
1394 3579 1614 3628 sensu
1674 3555 1948 3650 judice,
2020 3568 2096 3628 et
2164 3557 2323 3652 ipsa
2388 3570 2467 3631 et

393 3693 646 3742 omnes
712 3680 962 3764 partes
1020 3669 1248 3765 ipsius
1308 3669 1683 3765 quiescere
1736 3668 2151 3757 videantur,
2216 3683 2466 3742 tamen

390 3795 639 3879 partes
685 3783 865 3878 ejus,
909 3780 1159 3878 judice
1191 3782 1506 3871 ratione,
1565 3806 1729 3878 quae
1785 3805 1922 3854 nec
1978 3782 2465 3856 sublationem

390 3895 901 3992 impedimenti
984 3895 1181 3968 inter
1265 3919 1522 3969 causas
1619 3896 2016 3969 efficientes
2100 3909 2463 3986 numerat,

391 4034 633 4106 neque
693 4009 1084 4106 quicquam
1137 4034 1183 4081 a
1243 4010 1489 4105 quiete
1544 4009 1640 4083 ad
1689 4023 1975 4082 motum
2026 4011 2183 4083 sine
2246 4034 2467 4083 causa

394 4123 757 4196 efficiente
793 4123 1106 4195 transire
1144 4122 1493 4218 concipit,
1531 4135 1705 4196 ante
1741 4135 1964 4197 motae
2000 4136 2213 4196 erant
2248 4148 2468 4219 quam

393 4236 538 4309 illae
575 4261 650 4309 se
687 4236 1079 4309 restituere
1113 4235 1545 4332 inciperent.
