3182 5102
822 475 928 525 nn
967 473 1332 526 ANGUms
1375 475 1926 544 INCIDENTIAE,
1966 478 2142 529 E'rc.
2372 467 2503 532 231

1187 759 1509 835 CAPUT
1560 761 1772 834 XIX.

528 974 635 1026 DE
695 973 1062 1029 ANGULIS
1126 976 1647 1031 INCIDENTIAE
1708 978 1815 1031 ET
1875 976 2430 1031 REFLEXIONIS

1208 1088 1743 1154 AEQUALIBUS.

445 1250 498 1305 1.
540 1244 604 1303 Si
675 1246 808 1305 duoe
862 1255 1035 1307 rectae
1087 1249 1405 1307 incidentes
1458 1251 1515 1307 in
1571 1259 1787 1309 rectam
1828 1250 1942 1307 sint
1992 1249 2292 1327 parallelae,
2340 1250 2512 1307 etiam

518 1338 743 1397 reflexae
783 1340 1068 1415 parallelae
1110 1338 1295 1399 erunt.
1314 1344 1464 1400 —2.
1506 1341 1568 1401 Si
1614 1344 1690 1400 ab
1737 1343 1941 1401 eodem
1982 1351 2198 1419 puncto
2241 1351 2512 1400 exeuntes

519 1431 647 1488 duae
694 1441 866 1489 rectae
909 1433 1164 1491 incidant
1209 1435 1268 1491 in
1317 1444 1549 1503 rectam,
1591 1435 1818 1493 reflexas
1861 1453 2057 1492 earum
2103 1434 2401 1511 productae
2452 1437 2509 1491 in

518 1524 753 1582 alteram
778 1532 1000 1601 partem
1042 1535 1386 1584 concurrent
1424 1528 1482 1583 in
1511 1527 1740 1604 angulo,
1784 1529 1884 1604 qui
1924 1528 1999 1585 sit
2042 1527 2274 1603 aequaiis
2300 1528 2512 1603 angulo

520 1615 674 1673 facto
700 1616 773 1674 ab
803 1617 1203 1675 incidentibus.
1224 1649 1300 1659 —
1321 1621 1375 1676 3.
1419 1616 1481 1676 Si
1508 1619 1638 1675 duae
1665 1627 1837 1676 rectae
1863 1617 2145 1694 parallelae
2173 1618 2427 1676 incidant
2452 1620 2511 1675 in

518 1708 716 1765 circuli
757 1707 1293 1777 circumferentiam,
1339 1727 1537 1766 earum
1578 1709 1804 1768 reflexae
1855 1710 2151 1785 productae
2204 1709 2511 1767 introrsum

518 1798 732 1857 facient
755 1800 1029 1876 angulum
1057 1800 1295 1876 duplum
1321 1800 1460 1877 ejus,
1488 1802 1588 1877 qui
1609 1801 1677 1858 fit
1695 1820 1730 1859 a
1757 1803 1928 1859 rectis
1955 1820 1990 1858 a
2010 1809 2207 1859 centro
2236 1801 2422 1858 ductis
2438 1802 2512 1858 ad

518 1901 732 1967 puncta
756 1893 1268 1951 incidentia—4.
1310 1891 1372 1951 Si
1397 1893 1472 1950 ab
1493 1893 1692 1952 eodem
1736 1903 1952 1970 puncto
1991 1893 2121 1950 duae
2160 1902 2332 1950 rectae
2373 1894 2511 1951 inci·

519 1983 658 2040 dant
696 1984 754 2040 in
784 1983 1319 2052 circumferentiam,
1364 2002 1561 2041 earum
1613 1983 1837 2042 reflexae
1879 1984 2174 2059 productae
2203 1984 2512 2040 introrsum

519 2073 733 2132 facient
752 2074 1028 2151 angulum
1056 2074 1333 2151 aequalem
1361 2075 1537 2150 duplo
1564 2075 1794 2151 angu10,
1823 2076 1923 2152 qui
1945 2076 2011 2132 fit
2032 2094 2065 2133 a
2088 2075 2309 2133 duabus
2343 2076 2513 2132 rectis

515 2185 553 2223 a
578 2174 779 2224 centro
805 2165 878 2223 ad
905 2175 1121 2241 puncta
1147 2166 1487 2235 incidentioe,
1533 2186 1649 2224 una
1689 2185 1821 2224 cum
1861 2166 2074 2244 angulo
2117 2167 2510 2225 incidentium.

514 2262 574 2318 5.
617 2256 681 2316 Si
706 2258 782 2315 ab
811 2276 926 2316 uno
953 2266 1167 2335 puncto
1210 2258 1466 2317 incidant
1507 2259 1638 2316 duae
1676 2268 1848 2317 rectoe
1874 2260 1932 2316 in
1963 2277 2271 2317 concavam
2311 2258 2510 2316 circuli

517 2348 1034 2407 circumferentiam
1062 2349 1335 2407 facientes
1360 2349 1636 2427 angulum
1664 2352 1940 2408 minorem
1985 2351 2161 2426 duplo
2200 2350 2410 2427 angulo
2436 2350 2509 2407 ad

519 2451 793 2510 centrum,
822 2460 1018 2500 earum
1045 2442 1271 2500 reflexae
1314 2440 1528 2500 facient
1567 2443 1860 2519 angulum,
1888 2444 1988 2519 qui
2031 2443 2258 2500 additus
2298 2442 2510 2519 angulo

518 2533 907 2602 incidentium,
953 2534 1187 2611 aequalis
1231 2533 1333 2592 fiet
1378 2533 1553 2611 dupio
1601 2534 1812 2611 angulo
1852 2535 1923 2592 ad
1953 2544 2230 2593 centrum.
2253 2538 2402 2595 —6.
2446 2533 2508 2594 Si

516 2643 620 2701 per
644 2643 825 2682 unum
852 2625 1085 2701 aliquod
1123 2635 1403 2701 punctum
1440 2625 1570 2683 duae
1617 2626 1848 2683 chordae
1893 2627 2200 2703 inaequales
2227 2626 2510 2684 ducantur

516 2724 718 2774 mutuo
744 2736 805 2774 se
830 2724 1103 2785 secantes,
1143 2724 1405 2774 centrum
1449 2724 1644 2775 autem
1687 2718 1885 2776 circuli
1925 2719 2073 2776 inter
2119 2737 2214 2776 eas
2260 2720 2508 2794 positum

516 2827 631 2865 non
658 2809 765 2877 sit;
795 2817 854 2867 et
872 2827 1070 2866 earum
1092 2809 1317 2867 reflexae
1341 2818 1687 2867 concurrant
1707 2810 2053 2887 ubicunque,
2075 2829 2187 2867 non
2206 2810 2450 2867 ducetur
2473 2829 2510 2867 a

516 2909 748 2976 puncto,
778 2901 931 2958 unde
957 2902 1175 2977 priores
1201 2901 1331 2959 duae
1359 2901 1548 2959 ductae
1575 2910 1726 2968 sunt,
1753 2902 1865 2959 alia
1891 2911 2064 2970 recta,
2108 2901 2271 2978 cujus
2297 2902 2509 2962 reflexa

519 3001 769 3051 transeat
806 3012 909 3070 per
936 2994 1179 3051 duarum
1228 2995 1485 3070 priorum
1512 2994 1855 3052 reflexamm
1882 3003 2159 3070 punctum
2188 3012 2508 3052 commune.

513 3087 571 3147 7.
613 3085 776 3143 Idem
820 3087 881 3142 in
930 3085 1158 3143 chordis
1198 3085 1514 3161 aequalibus
1553 3104 1669 3142 non
1710 3094 1796 3142 ωε
1822 3103 2041 3142 verum.
2066 3089 2213 3143 —8.
2252 3084 2422 3143 Datis
2448 3087 2507 3142 in

514 3177 713 3236 circuli
767 3176 1227 3236 circumferentia
1279 3178 1504 3235 duobus
1554 3179 1801 3254 punctis,
1854 3178 1927 3234 ad
1981 3196 2051 3235 ea
2102 3186 2317 3253 puncta
2367 3177 2508 3234 duas

512 3277 694 3328 rectas
720 3270 802 3327 ita
827 3269 1055 3338 ducere,
1084 3278 1149 3327 ut
1174 3288 1371 3327 earum
1399 3270 1626 3327 reflexae
1652 3269 1849 3327 datum
1870 3271 2199 3328 contineant
2216 3268 2507 3345 angulum.

513 3365 569 3421 9.
612 3360 673 3420 Si
700 3369 859 3420 recta
885 3361 1141 3419 incidens
1170 3362 1228 3417 in
1258 3361 1457 3419 circuli
1499 3361 2018 3420 circumferentiam
2057 3361 2406 3438 producatur
2430 3361 2507 3418 ad

512 3454 1010 3521 semidiametrum,
1039 3454 1227 3530 sitque
1252 3473 1384 3530 pars
1410 3453 1532 3531 ejus
1560 3455 1878 3530 intercepta
1916 3455 2064 3511 inter
2104 3452 2508 3511 circumferen-

512 3546 647 3602 tiam
676 3554 734 3604 et
759 3546 1243 3603 semidiametrum
1288 3546 1522 3622 aequalis
1569 3547 1717 3622 parti
1765 3546 2169 3603 semidiametri
2202 3564 2331 3621 quae
2357 3553 2444 3602 est
2468 3563 2503 3602 a

513 3656 794 3696 concursu
848 3638 920 3696 ad
975 3646 1253 3706 centrum,
1308 3640 1417 3695 erit
1483 3638 1699 3697 reflexa
1749 3639 2168 3696 semidiametro
2222 3636 2504 3713 parallela.

514 3733 606 3789 10.
649 3728 715 3787 Si
741 3748 778 3787 a
802 3737 1019 3806 puncto
1044 3731 1196 3787 intra
1222 3729 1499 3787 circulum
1528 3731 1814 3788 ducantur
1838 3730 1967 3787 duae
1994 3740 2165 3788 rectae
2192 3730 2504 3788 incidentes

511 3823 567 3879 in
598 3821 795 3880 circuli
843 3821 1382 3890 circumferentiam,
1430 3840 1676 3898 quarum
1723 3821 1950 3879 reflexae
1991 3829 2203 3879 coeunt
2242 3823 2298 3879 in
2329 3822 2504 3897 ipsius

511 3914 708 3971 circuli
756 3912 1233 3982 circumferentia,
1280 3913 1524 3989 angulus
1570 3932 1743 3990 quem
1791 3915 2086 3972 continent
2132 3913 2357 3971 reflexae
2397 3915 2506 3971 erit

511 4007 677 4064 tertia
701 4025 833 4083 pars
858 4005 1055 4082 anguli
1081 4025 1254 4082 quem
1280 4007 1577 4064 continent
1604 4006 1935 4064 incidentes.

438 4162 741 4236 UTRUM
811 4186 1101 4258 corpuS,
1193 4160 1525 4234 incidens
1614 4162 1692 4234 in
1786 4160 2115 4257 corporis
2200 4160 2498 4233 alterius
2567 4183 2742 4232 PARS
2768 4184 2872 4234 111.

437 4276 891 4373 superficiem
938 4288 1014 4349 et
1071 4276 1163 4349 ab
1207 4300 1296 4348 ea
1351 4276 1727 4366 reflexum,
1784 4274 2092 4371 angulos
2145 4273 2241 4346 ad
2297 4274 2496 4347 illam
2577 4252 2842 4356 ἓξὲξ-κ

437 4391 890 4487 superficiem
954 4390 1270 4486 aequales
1339 4390 1628 4479 efficiat,
1696 4414 1845 4463 non
1915 4400 2027 4462 est
2078 4388 2296 4485 hujus
2355 4388 2499 4462 loci
