3182 5102
1011 493 1118 553 ng
1155 492 1791 547 PROPosx'rloNE.
2348 485 2447 549 35

364 659 824 756 tingentibus
867 662 1009 735 etsi
1040 685 1219 736 vera
1267 664 1372 737 sit
1421 664 1658 737 omnis
1708 687 1974 737 corvus
2026 663 2252 762 niger
2300 672 2443 751 est,
2540 698 2715 748 PARS
2742 700 2782 749 ι,

362 773 547 847 falsa
579 785 832 847 tamen
868 775 1009 848 erit
1044 776 1114 848 si
1148 776 1339 874 quid
1370 801 1639 850 corvus
1672 778 1800 865 sit,
1848 775 1937 850 id
1965 777 2268 875 nigrum
2300 787 2439 852 est.
2540 767 2784 870 „fg-„2

364 887 950 983 Propositionem
972 903 1221 964 autem
1241 890 1800 989 hypotheticam
1828 902 1990 965 tum
2008 913 2259 964 veram
2282 915 2442 965 esse

363 1011 565 1073 recte
634 1001 897 1075 dicunt
964 1004 1259 1098 quando
1324 1004 1857 1100 consequentia
1917 1014 2034 1076 est
2096 1026 2294 1094 vera,
2354 1017 2443 1079 ut

362 1137 610 1186 veram
644 1138 805 1188 esse
842 1116 1078 1189 omnis
1112 1116 1322 1190 homo
1358 1126 1477 1190 est
1510 1116 1818 1204 animal,
1847 1116 2143 1214 quando
2180 1117 2243 1190 si
2266 1142 2443 1192 vera

364 1228 483 1317 sit,
521 1225 719 1300 illud
749 1237 869 1301 est
901 1227 1136 1320 homo,
1161 1254 1313 1303 non
1346 1240 1598 1327 potest
1632 1254 1784 1303 non
1820 1253 1979 1303 esse
2014 1253 2210 1319 vera,
2246 1229 2442 1303 idem

367 1339 563 1413 illud
591 1350 710 1414 est
742 1340 1045 1415 animal.
1148 1343 1408 1438 Itaque
1443 1343 1732 1439 quoties
1758 1341 2243 1440 hypothetica
2265 1366 2444 1417 vera

366 1465 499 1543 est,
536 1453 960 1551 categorica
991 1455 1061 1527 ei
1096 1455 1550 1552 respondens
1601 1480 1754 1529 non
1804 1454 2026 1529 modo
2060 1479 2259 1542 vera,
2310 1456 2442 1528 sed

365 1567 588 1639 etiam
619 1568 1037 1641 necessaria
1070 1579 1229 1653 est;
1281 1568 1361 1642 id
1393 1569 1595 1666 quod
1626 1567 2132 1642 adnotandum
2155 1569 2437 1664 putavi,

363 1705 499 1778 pro
532 1693 973 1778 argumento
1005 1693 1095 1756 ut
1125 1683 1360 1757 tutius
1393 1683 1824 1781 plerumque
1860 1684 1951 1756 fit
1981 1681 2437 1779 philosophis

362 1818 496 1890 per
525 1795 1076 1891 propositiones
1108 1796 1626 1894 hypotheticas
1662 1821 1881 1893 quam
1906 1819 2041 1893 per
2075 1795 2435 1892 categori-

361 1932 485 1982 cas
518 1908 970 1982 ratiocinari.

470 2031 580 2096 12.
636 2022 1009 2097 Quoniam
1034 2037 1287 2097 autem
1304 2024 1714 2122 propositio
1739 2023 2084 2120 quaelibet
2103 2022 2485 2144 pluribus
2460 2030 2727 2095 Propositio

360 2134 599 2208 modis
661 2148 739 2209 et
794 2136 1134 2233 proferri,
1192 2150 1270 2210 et
1316 2138 1538 2211 scribi
1571 2138 1807 2234 possit
1854 2148 1933 2210 et
1986 2136 2242 2222 soleat,
2293 2110 2485 2209 etsie
2458 2097 2625 2210 1113ss
2647 2162 2801 2211 modis

357 2247 810 2344 loquendum
845 2272 1134 2347 semper
1167 2251 1267 2323 sit
1300 2250 1492 2324 sicut
1523 2250 1821 2347 plurimi
1862 2250 2288 2345 loquuntur,
2340 2251 2439 2322 ab
2458 2227 2590 2291 ¹³¹⁰f⁶
2564 2235 2707 2276 ‘¹²⁰¹‘

360 2360 450 2434 iis
482 2373 734 2435 tamen
768 2362 895 2458 qui
927 2362 1466 2459 philosophiam
1502 2388 1548 2437 a
1593 2362 2020 2436 doctoribus
2071 2361 2432 2450 ediscunt,

360 2475 770 2548 cavendum
804 2486 919 2548 est
951 2499 1047 2549 ne
1078 2476 1439 2550 varietate
1480 2475 1608 2548 illa
1654 2474 2107 2572 loquutionis
2159 2474 2441 2573 decipi-

357 2601 601 2663 antur.
672 2591 933 2686 Itaque
955 2590 1335 2687 siquando
1359 2591 1770 2664 obscuritas
1796 2590 2043 2686 aliqua
2063 2600 2445 2677 occurrat,-

357 2702 780 2777 reducenda
813 2715 926 2777 est
958 2705 1367 2801 propositio
1401 2704 1501 2778 ad
1531 2703 1845 2777 formam
1895 2726 2103 2776 suam
2154 2702 2429 2799 simpli-

358 2817 750 2907 cissimam,
788 2828 864 2891 et
900 2818 1419 2915 categoricam,
1470 2817 1550 2891 in
1603 2841 1749 2913 qua
1797 2817 1896 2890 sit
1928 2839 2273 2912 expressa
2307 2839 2430 2888 co-

357 2930 687 3026 pulativa
718 2955 865 3005 vox
897 2940 1036 3019 est,
1073 2942 1152 3005 et
1182 2930 1585 3027 subjectum
1620 2941 1873 3026 aperte
1921 2941 2304 3026 separetur
2353 2941 2432 3003 et

357 3043 859 3140 distinguatur
905 3069 952 3118 a
988 3044 1440 3142 praedicam,
1469 3054 1956 3139 neutrumque
2002 3043 2153 3116 ullo
2208 3041 2426 3115 modo

357 3180 527 3230 cum
561 3156 835 3255 copula
868 3158 1289 3233 misceatur.
1391 3157 1729 3254 Exempli
1777 3157 2039 3254 gratia,
2094 3156 2429 3252 proposi-

354 3269 464 3342 tio
490 3270 676 3359 haec,
706 3270 914 3343 homo
938 3280 1204 3369 potest
1229 3295 1373 3343 non
1398 3294 1757 3367 peccare,
1782 3270 2050 3343 collata
2075 3293 2243 3341 cum
2263 3268 2425 3359 hac,

354 3381 564 3455 homo
601 3408 745 3457 non
769 3393 1029 3481 potest
1062 3408 1424 3482 peccare,
1468 3383 1838 3480 quomodo
1875 3382 2218 3455 differant
2267 3394 2429 3454 tum

356 3496 856 3592 cognoscitur,
893 3497 957 3569 si
989 3496 1443 3571 reducantur
1476 3496 1573 3569 ad
1606 3495 1763 3586 has,
1785 3495 1992 3569 homo
2013 3504 2129 3568 est
2149 3503 2427 3593 potens

355 3632 501 3680 non
542 3633 894 3705 peccare,
949 3609 1157 3682 homo
1201 3619 1318 3682 est
1369 3632 1514 3682 non
1563 3618 1844 3707 potens
1886 3632 2244 3707 peccare,
2298 3609 2428 3682 ubi

352 3721 759 3816 praedicata
783 3735 1039 3820 aperte
1079 3724 1370 3797 diversa
1396 3733 1614 3806 sunt3
1651 3722 1784 3795 sed
1807 3722 1949 3795 hoc
1976 3722 2203 3795 tacite
2231 3721 2428 3818 apud

356 3856 459 3923 se,
520 3835 638 3908 vel
691 3836 788 3908 ad
849 3836 1088 3910 solum
1139 3848 1674 3934 praeceptorem
1739 3834 2197 3920 faciendum3
2253 3858 2427 3908 nam

356 3947 462 4020 sic
528 3948 734 4044 loqui
799 3949 878 4022 in
947 3974 1350 4048 congressu
1415 3950 1819 4039 hominum,
1900 3948 2298 4023 absurdum
2348 3959 2428 4021 et

355 4060 747 4134 ridiculum
780 4074 917 4136 est.
1020 4063 1373 4137 Dicturus
1407 4063 1636 4160 igitur
1674 4062 1765 4136 de
1799 4062 2425 4160 propositionibus

356 4175 996 4272 aequipollentibus
1058 4177 1299 4273 primo
1373 4176 1538 4249 loco
1618 4200 1816 4273 pono
1884 4176 2426 4273 propositiones

356 4310 606 4360 omnes
637 4312 803 4384 quae
838 4289 936 4362 ad
982 4313 1206 4362 unam
1242 4300 1320 4362 et
1366 4289 1675 4362 eandem
1710 4314 1895 4386 pure
1936 4288 2426 4386 categoricam

359 4401 607 4475 reduci
635 4415 978 4498 possunt,
1015 4425 1178 4477 esse
1212 4401 1799 4499 ‹equipollentea

2096 4537 2146 4586 D
2182 4524 2226 4587 2
