3182 5102
713 484 820 536 nn
859 485 1273 538 ansloNn
1313 483 1417 537 m·
1452 486 1684 539 Moru
1724 485 2113 539 AmMAm.
2314 471 2452 536 331

390 660 661 739 autem,
715 674 959 724 aerem
1013 675 1384 742 serenam,
1440 651 1816 725 stellarum
1878 652 1957 724 in
2002 651 2298 725 oculum
2342 673 2465 723 ac-
2538 657 2715 710 PARS
2739 656 2831 707 Π·

2648 724 2713 771 25

387 763 671 837 tionem
704 763 1003 860 adjuvat
1036 765 1191 838 sive
1243 766 1699 855 corroborat,
1747 766 1855 839 ita
1904 777 1990 839 ut
2023 764 2278 853 stellae,
2314 786 2466 836 non
2545 756 2829 829 κ-ῆί-ν

390 876 603 949 aliter
637 877 832 966 visae,
869 877 974 951 sic
999 878 1232 951 videri
1263 879 1566 975 possint.
1640 879 1884 976 Atque
1908 879 2067 952 haec
2102 876 2467 951 sufficiant

392 990 485 1063 de
530 990 887 1081 sensione,
934 1015 1097 1087 quae
1141 993 1231 1064 fit
1272 1015 1406 1088 per
1449 991 1709 1088 organi
1764 991 2231 1079 reactionem,
2269 990 2467 1062 dicta

390 1103 852 1199 generaliter.
957 1105 1149 1177 Nam
1206 1104 1298 1178 de
1357 1104 1522 1179 loco
1576 1105 1942 1202 imaginiS,
2005 1103 2096 1176 de
2158 1103 2464 1176 fallaciis

392 1218 612 1307 visuS,
663 1229 741 1290 et
791 1217 951 1291 aliis
1002 1219 1244 1304 rebuS‚
1301 1241 1483 1315 quas
1517 1218 1913 1292 sentiendo
1967 1217 2046 1290 in
2097 1216 2466 1290 nobismet

392 1330 569 1425 ipsis
626 1330 1067 1426 experimur,
1130 1331 1303 1427 quia
1359 1354 1630 1428 magna
1695 1355 1784 1405 ex
1850 1342 2061 1427 parte
2127 1330 2219 1403 ab
2272 1330 2464 1403 oculi

390 1443 693 1516 humani
725 1442 1008 1517 fabrica
1038 1445 1338 1540 propria
1370 1444 1812 1541 dependent,
1863 1443 2254 1518 dicendum
2286 1455 2465 1517 tunc

394 1567 507 1630 est
540 1581 708 1630 cum
746 1556 836 1630 de
870 1556 1168 1630 homine
1204 1556 1666 1630 disseremus,

504 1679 613 1743 12.
685 1669 821 1742 Est
874 1680 1124 1743 autem
1182 1669 1384 1743 aliud
1442 1670 1802 1744 sensionis
1853 1692 2109 1766 genuS,
2167 1669 2258 1742 de
2320 1693 2465 1765 quo
2493 1698 2741 1762 voluptas,
2778 1698 2862 1747 do.

396 1782 664 1855 dicturi
706 1782 952 1879 aliqua
992 1807 1192 1857 nunc
1226 1807 1499 1874 sumuS,
1557 1783 1904 1856 nimirum
1939 1783 2181 1857 sensio
2215 1783 2471 1881 volup-

396 1896 585 1968 tatis
619 1907 696 1969 et
731 1895 1041 1985 doloris,
1079 1920 1309 1993 eaque
1345 1908 1513 1970 orta
1543 1920 1696 1970 non
1732 1921 1778 1970 a
1809 1897 2185 1970 reactione
2225 1896 2468 1969 cordis

394 2032 644 2082 versus
693 2009 1083 2099 exteriora,
1140 2010 1273 2083 sed
1325 2010 1419 2084 ab
1454 2010 1715 2107 organi
1767 2022 1978 2107 parte
2012 2011 2289 2083 extima
2336 2034 2470 2106 per

395 2122 825 2196 continuam
858 2123 1229 2197 actionem
1260 2146 1514 2196 versus
1560 2145 1712 2196 cor.
1817 2122 2009 2196 Cum
2056 2123 2254 2196 enim
2296 2123 2470 2197 vitae

393 2234 838 2332 principium
891 2234 970 2306 in
1027 2234 1249 2309 corde
1302 2235 1422 2325 sit,
1479 2257 1784 2308 necesse
1840 2247 1954 2309 est
2000 2245 2088 2309 ut
2129 2246 2376 2309 motus
2427 2260 2474 2309 a

396 2348 762 2421 sentiente
795 2347 893 2420 ad
926 2371 1054 2421 cor
1087 2360 1539 2445 propagatus
1572 2359 1860 2422 motum
1891 2348 2192 2422 vitalem
2225 2349 2471 2445 aliquo

394 2461 616 2535 modo
683 2472 923 2536 mutet
1007 2462 1160 2535 sive
1227 2462 1569 2553 divertat,
1654 2462 2003 2535 nimirum
2068 2462 2474 2537 faciliorem

398 2575 711 2649 reddens
778 2576 896 2649 vel
965 2575 1472 2666 difficiliorem,
1542 2578 1809 2673 juvans
1868 2576 1985 2650 vel
2042 2577 2470 2673 impediens.

398 2689 478 2762 Si
532 2691 767 2786 juvet,
822 2688 1193 2787 voluptas,
1250 2689 1312 2762 si
1367 2689 1745 2786 impediat,
1812 2688 2050 2780 dolor,
2105 2690 2473 2780 molestia,

398 2802 778 2900 aegritudo
806 2803 1156 2876 nascitur.
1210 2803 1307 2875 Et
1333 2803 1527 2875 sicut
1551 2803 2095 2898 phantasmata,
2133 2827 2178 2876 a
2203 2818 2477 2877 conatu

398 2915 494 2988 ad
528 2927 836 2988 externa
869 2925 1077 2988 extra
1113 2915 1452 3004 existere,
1487 2915 1596 2988 ita
1628 2915 1968 3012 voluptas
2025 2928 2102 2989 et
2138 2916 2349 2989 dolor
2400 2917 2476 2988 in

397 3028 761 3118 sensione,
832 3040 1138 3125 propter
1204 3041 1555 3102 conatum
1624 3029 1885 3125 organi
1953 3028 2049 3101 ad
2123 3029 2480 3104 interiora

397 3141 742 3215 videntur
795 3141 995 3215 intus
1044 3165 1227 3229 esse,
1279 3141 1379 3215 ibi
1424 3165 1691 3237 nempe
1732 3141 1862 3214 ubi
1916 3153 2030 3215 est
2062 3142 2301 3240 prima
2348 3169 2478 3217 vo-

397 3254 705 3352 luptatis
740 3254 894 3328 sive
931 3254 1206 3328 doloris
1242 3278 1486 3344 causa,
1528 3266 1617 3327 ut
1669 3254 1747 3327 in
1783 3254 2038 3328 dolore
2072 3280 2119 3329 a
2149 3256 2476 3345 vulnere,

398 3369 526 3442 ubi
560 3379 678 3441 est
710 3367 975 3441 vulnus
1010 3367 1251 3464 ipsum
1286 3368 1391 3441 ibi
1423 3368 1719 3441 videtur
1747 3392 1906 3441 esse
1942 3367 2176 3442 dolor.

501 3482 754 3554 Motus
808 3491 1055 3553 autem
1122 3480 1365 3554 vitalis
1422 3480 1801 3577 sanguinis
1861 3492 2105 3553 motus
2160 3493 2296 3571 est,
2346 3506 2478 3578 per

401 3619 624 3668 venas
667 3594 1144 3691 arteriasque,
1178 3606 1265 3667 ut
1298 3619 1345 3668 a
1375 3594 1615 3691 primo
1658 3596 1815 3690 ejus
1863 3594 1969 3667 rei
2010 3596 2478 3669 observatore

402 3719 737 3782 nostrate
794 3709 1114 3782 Harvaeo
1168 3709 1419 3782 multis
1473 3707 2045 3804 certissimisque
2080 3709 2309 3806 signis
2361 3734 2479 3783 os-

399 3832 691 3894 tensum
726 3833 864 3912 est,
917 3834 1277 3919 perpetuo
1335 3822 1884 3896 circumeuntis.
1999 3822 2150 3896 Qui
2204 3835 2476 3912 motuS,

402 3933 466 4007 si
512 3958 559 4007 a
616 3947 822 4007 motu
875 3935 1076 4008 facto
1129 3959 1263 4032 per
1323 3936 1787 4031 objectorum
1848 3935 2304 4009 sensibilium
2357 3961 2478 4010 ac-

402 4048 681 4120 tionem
749 4048 1215 4144 impediatur,
1268 4071 1523 4122 rursus
1575 4072 1711 4145 per
1761 4049 2085 4145 partium
2152 4051 2479 4146 corporis

400 4161 793 4234 flexionem
878 4161 1450 4235 directionemve
1544 4162 2005 4251 restituetur,
2102 4163 2479 4259 spiritibus

403 4275 685 4349 scilicet
718 4275 940 4349 modo
982 4276 1062 4348 in
1096 4277 1231 4349 hos
1267 4276 1486 4350 modo
1524 4276 1602 4349 in
1630 4276 1795 4349 illos
1829 4300 2093 4349 nervos
2127 4277 2480 4373 impulsiS‚

405 4388 642 4462 donec
679 4400 1038 4486 quantum
1067 4391 1227 4464 fieri
1261 4401 1509 4487 potest
1535 4390 1875 4465 molestia
1895 4391 2133 4465 omnis
2153 4392 2476 4466 tollatur.

2491 1765 2579 1822 lor,
2608 1765 2863 1828 appetitus,

2493 1830 2625 1894 suga,
2640 1829 2753 1893 quid
2772 1829 2887 1880 sint.
