3182 5102
710 458 845 537 172
1302 472 1865 525 PHILOSOPHIA
1905 472 2190 523 PRIMA.

367 652 538 767 ΡΑΙΙῑὲ
561 652 635 702 11·
702 641 852 714 sint
895 639 1216 737 magnae)
1255 669 1273 724 ;
1323 653 1454 713 aut
1501 640 1818 736 denique
1880 648 2323 735 asymptotae
2370 647 2568 708 sunt.
2673 636 2785 708 De

363 790 648 825 s-w—-ae
704 755 1095 850 parallelis»,
1150 755 1461 850 angulis,
1517 766 1596 827 et
1630 753 2255 849 contingentibuS,
2315 774 2653 845 quaenam
2687 749 2785 821 sit

709 892 961 941 earum
1012 881 1281 941 natura
1304 869 1481 964 rjam
1536 868 1876 941 diximus.
1993 862 2547 937 Declarabimus
2607 885 2784 957 ergo

706 980 1033 1053 breviter
1065 992 1407 1053 naturam
1443 980 1668 1053 etiam
1702 979 2198 1076 asymptosiae.

808 1095 1284 1191 Asymptosia
1352 1094 1720 1190 dependet
1790 1093 1916 1165 ab‘
1954 1115 2065 1181 eo,
2136 1090 2338 1186 quod
2410 1088 2785 1185 quantitas

711 1207 1092 1309 divisibilis
1127 1219 1242 1280 est
1274 1208 1354 1281 in
1387 1208 1812 1291 infinitum;
1867 1230 1959 1279 ex
2012 1230 2156 1301 quo
2207 1203 2560 1298 sequitur,
2612 1202 2792 1274 data

711 1344 1167 1415 quacumque
1219 1320 1413 1393 linea
1466 1344 1511 1393 a
1557 1323 1764 1416 eujus
1809 1319 2128 1392 termino
2170 1317 2442 1390 mobile
2489 1316 2787 1412 aliquod

706 1457 959 1507 versus
994 1434 1308 1506 alterum
1343 1434 1741 1506 terminum
1789 1443 2196 1521 moveatur,
2243 1430 2591 1527 possibile
2627 1453 2786 1504 esse

715 1546 1009 1643 (nempe
1028 1548 1385 1621 sumendo
1405 1548 1679 1643 gradus
1692 1546 2106 1620 velocitatis
2131 1567 2419 1640 semper
2439 1544 2784 1632 minoreS,

707 1660 785 1733 in
821 1685 909 1734 ea
941 1662 1230 1735 ratione
1260 1686 1405 1756 qua
1438 1674 1828 1734 sumuntur
1863 1683 2152 1756 semper
2185 1657 2508 1731 minores
2535 1669 2785 1752 partes

706 1774 921 1848 lineae
953 1787 1312 1871 perpetuo
1350 1776 1605 1868 sectae)
1644 1787 1730 1847 ut
1761 1773 2034 1846 mobile
2068 1771 2248 1844 illud
2276 1794 2495 1867 super
2513 1770 2786 1842 lineam

706 1886 909 1960 illam
952 1889 1312 1984 procedat
1366 1912 1677 1984 semper,
1735 1889 1832 1961 ad
1891 1888 2117 1959 finem
2170 1909 2346 1957 vero
2401 1883 2785 1980 perveniat

707 2025 1106 2097 nunquam.
1214 2003 1472 2097 Itaque
1506 2002 1981 2075 manifestum
2017 2012 2154 2087 est,
2207 1999 2268 2072 si
2302 2010 2511 2071 recta
2543 1997 2787 2091 aliqua

708 2125 793 2186 ut
828 2114 895 2186 A
924 2114 979 2185 F
1020 2114 1128 2207 (in
1161 2116 1287 2210 fig.
1326 2116 1403 2205 8)
1446 2127 1738 2188 secetur
1770 2126 2145 2209 utcunque
2179 2113 2258 2185 in
2295 2112 2381 2201 B,
2420 2124 2497 2185 et
2530 2134 2783 2183 rursus

709 2226 851 2299 BF
903 2227 980 2299 in
1030 2228 1118 2312 C,
1168 2240 1245 2299 et
1294 2228 1353 2299 C
1392 2229 1447 2300 F
1494 2229 1573 2301 in
1626 2229 1716 2316 D,
1790 2242 1865 2301 et
1912 2228 2067 2299 DF
2116 2227 2194 2299 in
2251 2226 2337 2315 E,
2394 2236 2619 2320 atque
2680 2224 2786 2297 ita

709 2352 1093 2430 aeternum,
1180 2352 1257 2413 et
1317 2366 1363 2413 a
1416 2355 1697 2437 puncto
1761 2343 1817 2413 F
1880 2341 2193 2414 ducatur
2249 2350 2456 2412 recta
2510 2339 2568 2409 F
2600 2338 2658 2408 F
2707 2337 2786 2410 in

712 2453 986 2550 angulo
1041 2455 1109 2526 A
1129 2455 1263 2526 FF
1296 2479 1758 2550 quocunque,
1797 2455 2378 2548 ordinenturque
2414 2453 2490 2525 in
2528 2452 2784 2525 eadem

709 2567 1021 2656 ratione,
1054 2592 1198 2662 qua
1240 2580 1445 2640 secta
1494 2582 1609 2641 est
1648 2569 1845 2641 linea
1877 2569 1945 2640 A
1979 2569 2059 2657 F,
2097 2567 2336 2663 spatia
2369 2567 2438 2639 A
2472 2566 2553 2654 F,
2607 2564 2668 2636 B
2703 2564 2782 2653 F,

713 2680 772 2752 C
810 2682 890 2770 F,
926 2680 994 2754 D
1029 2682 1110 2771 F,
1147 2682 1206 2753 E
1244 2683 1321 2771 F,
1360 2694 1502 2754 etc.
1539 2682 1636 2754 ad
1668 2695 1950 2754 rectam
1986 2681 2053 2753 A
2081 2682 2138 2753 F
2167 2679 2586 2777 parallehBS,
2622 2678 2783 2750 fore

710 2805 795 2866 ut
829 2817 1055 2867 curva
1087 2795 1154 2866 A
1192 2795 1253 2867 B
1291 2795 1351 2867 C
1390 2795 1459 2866 D
1495 2796 1555 2867 E
1593 2794 1691 2867 sit
1716 2807 1943 2867 rectae
1976 2795 2034 2866 F
2068 2795 2124 2866 F
2157 2803 2601 2889 asymptota,
2638 2791 2785 2863 hoc

712 2919 848 2995 est,
885 2920 970 2980 ut
1002 2909 1343 3004 proprius
1378 2908 1475 2981 ad
1517 2932 1680 2980 eam
1707 2932 1996 3005 semper
2022 2907 2383 2980 accedens
2409 2928 2784 3000 nunquam

710 3032 958 3093 tamen
1014 3021 1358 3117 attingat.
1466 3021 1835 3095 Quoniam
1894 3032 2142 3093 autem
2190 3019 2387 3091 linea
2440 3017 2787 3113 quaelibet

713 3133 947 3206 secari
1012 3146 1264 3230 potest
1330 3135 1408 3207 in
1486 3147 1926 3231 perpetuum
1993 3133 2394 3207 secundum
2459 3130 2785 3204 rationes

714 3258 1264 3344 seg-mentorum
1331 3248 1427 3320 ad
1491 3271 1570 3320 se
1637 3248 1953 3321 invicem
2018 3247 2198 3320 alias
2284 3258 2506 3341 atque
2580 3243 2783 3333 aliaS,

708 3360 1069 3433 varietate
1104 3361 1417 3450 infinita,
1452 3361 1731 3433 idcirco
1763 3361 1988 3434 etiam
2032 3365 2510 3455 asymptotffin
2546 3356 2786 3429 diver-

715 3497 815 3546 sae
878 3472 1160 3570 speeies
1200 3497 1507 3546 numero
1563 3474 1875 3547 infinitae
1936 3484 2131 3562 sunt,
2189 3473 2281 3545 de
2330 3471 2593 3567 quibus
2640 3470 2789 3542 hoc

714 3585 879 3660 loco
917 3586 1310 3658 dicendum
1343 3610 1494 3659 non
1533 3597 1669 3658 est.

812 3708 932 3773 20.
990 3700 1189 3772 Situs
1244 3710 1358 3772 est
1410 3699 1672 3772 relatio
1724 3698 1869 3771 loci
1918 3698 2016 3771 ad
2046 3698 2315 3771 locum.
2420 3695 2788 3769 Determi-

462 3802 683 3915 {eugr‘ffe‘
710 3825 935 3886 natur
966 3825 1216 3885 autem
1248 3812 1568 3909 plurium
1601 3811 1933 3884 locorum
1969 3811 2153 3884 situs
2180 3822 2494 3906 quatuor
2521 3809 2739 3881 rebus
2765 3839 2785 3892 ;

713 3925 1104 3999 distantiis·
1139 3927 1338 3998 inter
1389 3950 1472 3997 ae
1501 3953 1529 4009 ;
1582 3924 1974 3997 distantiis
2027 3923 2491 4022 singulorum
2524 3947 2573 3994 a
2626 3921 2786 3993 loco

717 4041 898 4113 dato
935 4067 964 4122 ;
1032 4040 1296 4113 ordine
1347 4050 1726 4112 rectarum
1781 4064 1831 4110 a
1892 4038 2071 4110 dato
2124 4038 2234 4110 ad
2280 4047 2563 4109 coetera
2614 4035 2790 4107 duc-

715 4163 962 4226 tarum
992 4184 1010 4236 ;
1048 4166 1124 4226 et
1158 4153 1464 4251 angulis
1505 4176 1690 4250 quos
1715 4151 1827 4224 sic
1855 4150 2099 4223 ductoe
2135 4148 2783 4247 comprehendunt.

716 4265 913 4338 Nam
961 4266 1023 4339 si
1079 4267 1476 4355 distantiae,
1530 4279 1608 4339 et
1643 4265 1851 4354 ord0,
1902 4277 1979 4338 et
2033 4263 2282 4360 anguli
2320 4263 2499 4352 dati,
2535 4262 2613 4334 id
2646 4272 2783 4344 est,

719 4380 904 4453 certi
940 4392 1136 4468 sunt,
1193 4381 1415 4453 etiam
1450 4380 1614 4453 loca
1651 4380 1939 4475 singula
1992 4392 2195 4451 certa
2249 4388 2446 4466 sunt,
2501 4387 2588 4448 ut
2644 4374 2791 4447 alia

713 4515 872 4565 esse
908 4516 1055 4566 non
1086 4494 1395 4589 possint.
