3182 5102
785 436 928 502 306
1266 451 1372 501 nn
1412 451 1927 503 RATIONIBUS
1967 451 2358 504 mo'rmm.

395 624 571 674 PARS
606 624 727 677 111·
783 632 1058 716 puncto
1113 618 1406 692 ducitur
1451 620 1861 717 superficiei
1891 620 2319 716 sepas-atrici
2366 620 2857 716 perpendicu-

436 693 683 794 κ-ἶῖϋ

397 829 661 878 Definition

406 3249 466 3297 In
494 3256 628 3298 motu
658 3264 764 3312 per·

399 3314 695 3377 pendiculari

402 3379 540 3427 nulla
558 3380 613 3428 fit
631 3395 706 3428 re·

403 3445 584 3493 fractio.

664 733 1015 877 ...laris
993 757 1071 804 1n
1105 733 1348 805 medio
1385 733 1698 806 diverso.

887 868 1002 919 v1.
1055 845 1404 943 Aug-ulus
1428 846 1918 943 rqfractionis
1940 857 2074 934 est,
2098 869 2316 941 quem
2335 845 2513 919 facit
2537 845 2856 919 refracta

789 985 955 1033 cum
991 959 1363 1032 incidente
1395 959 1779 1055 producta.

887 1096 1037 1147 v11.
1092 1072 1441 1170 Aug-ulus
1477 1072 1985 1145 inclinationis
2032 1083 2168 1162 est,
2204 1096 2419 1168 quem
2459 1072 2639 1145 facit
2670 1073 2855 1145 inci-

791 1187 971 1260 dens
1010 1211 1176 1259 cum
1219 1211 1329 1277 ea,
1380 1211 1541 1282 quae
1582 1211 1629 1259 a
1675 1198 1951 1282 puncto
2001 1186 2463 1259 refractionis
2514 1185 2855 1259 educitur

791 1301 1201 1396 superficiei
1234 1300 1661 1396 separatrici
1691 1300 2335 1396 perpendicularis.

890 1437 1077 1488 vul.
1130 1413 1479 1512 Aug-ulus
1503 1413 1929 1486 incidentioe
1951 1424 2064 1485 est
2084 1414 2333 1509 anguli
2356 1413 2856 1486 inclinationis

791 1528 888 1600 ad
919 1539 1203 1600 rectum
1237 1526 1875 1622 complementum.

890 1641 1150 1736 Itaque
1198 1638 1305 1732 (in
1339 1640 1465 1735 fig.
1518 1639 1588 1731 l)
1648 1638 1994 1711 refractio
2040 1639 2128 1710 fit
2178 1663 2311 1735 per
2349 1639 2500 1711 AB
2524 1641 2602 1711 F.
2707 1640 2856 1712 Re-

787 1753 1026 1828 fracta
1051 1766 1163 1826 est
1190 1753 1341 1825 BF.
1413 1751 1756 1825 Incidens
1783 1751 1946 1823 AB.
2022 1752 2382 1824 Punctum
2409 1751 2853 1841 incidentiae,

789 1867 1127 1963 idemque
1152 1867 1612 1940 refractionis
1635 1879 1748 1938 est
1771 1866 1855 1938 Β.
1960 1866 2396 1962 Superficies
2421 1866 2853 1964 refringens,

790 1982 941 2054 sive
976 1982 1380 2078 separatrix
1424 1980 1492 2052 D
1514 1981 1574 2052 Β
1595 1981 1679 2052 Ε.
1783 1979 2123 2052 Incidens
2163 1980 2241 2052 in
2288 1980 2647 2053 directum
2682 2005 2857 2076 pro-

792 2095 1016 2169 ducta
1056 2094 1121 2166 A
1154 2095 1214 2167 Β
1241 2094 1323 2167 C.
1428 2092 1858 2189 Superficiei
1902 2091 2325 2188 separatrici
2369 2093 2856 2189 perpendicu-

787 2208 961 2281 laris
998 2209 1058 2280 B
1088 2208 1186 2280 H.
1290 2207 1625 2302 Angulus
1663 2207 2126 2279 refractionis
2173 2206 2231 2279 C
2256 2206 2315 2277 B
2339 2207 2416 2278 F.
2518 2208 2856 2303 Angulus

788 2320 1148 2394 refractus
1184 2321 1256 2392 H
1283 2321 1343 2392 Β
1365 2322 1442 2392 F.
1547 2319 1882 2414 Angulus
1932 2319 2429 2392 inclinationis
2467 2320 2526 2391 A
2557 2312 2703 2394 B‘G
2736 2322 2856 2394 vel

793 2435 865 2506 H
892 2435 952 2507 Β
977 2435 1057 2508 C.
1160 2433 1494 2530 Angulus
1529 2431 1951 2505 incidentiae
1986 2433 2056 2504 A
2081 2432 2140 2503 B
2164 2432 2254 2504 D.

889 2571 1007 2621 lx,
1063 2547 1449 2634 Praeterea‚
1512 2545 1834 2618 medium
1903 2545 2137 2618 rarius
2199 2545 2640 2643 intelligitur
2694 2571 2856 2621 esse

789 2661 992 2750 illud,
1028 2661 1106 2733 in
1141 2685 1286 2757 quo
1323 2660 1555 2732 motui
1579 2659 1697 2732 vel
1722 2671 1967 2732 motus
2000 2660 2460 2754 generationi
2495 2661 2735 2733 minor
2768 2663 2859 2733 fit

789 2774 1227 2848 resistentia.
1330 2773 1669 2862 Densius,
1705 2773 1781 2844 in
1818 2796 1963 2868 quo
2000 2774 2256 2868 major.

890 2911 972 2961 x.
1027 2887 1357 2960 Medium
1426 2897 1697 2974 autem,
1759 2886 1837 2958 in
1897 2909 2041 2980 quo
2102 2885 2520 2958 resistentia
2583 2885 2857 2981 ubique

791 3005 1092 3102 aequalis
1114 3015 1250 3092 est,
1277 3003 1602 3076 medium
1622 3003 2184 3097 homogeneum.
2292 3002 2579 3076 Caetera
2612 3003 2857 3077 media

789 3117 1281 3213 heterogenea
1314 3128 1508 3189 sunt.

891 3240 961 3303 2.
1018 3230 1098 3303 Si
1130 3229 1398 3302 mobile
1424 3240 1751 3301 transeat
1777 3227 1893 3301 vel
1929 3237 2170 3299 motus
2194 3226 2573 3322 generatio
2595 3227 2728 3300 fiat
2762 3228 2856 3300 ab

790 3367 939 3416 uno
976 3343 1217 3416 medio
1253 3343 1330 3414 in
1356 3341 1553 3415 aliud
1583 3340 1965 3414 densitatis
1992 3339 2299 3412 diversae
2326 3340 2403 3411 in
2436 3339 2652 3428 linea,
2692 3364 2858 3436 quae

792 3457 887 3529 sit
948 3457 1045 3529 ad
1104 3455 1563 3551 superficiem
1630 3451 2143 3550 separatricem
2207 3453 2856 3549 perpendiculariS,

792 3569 992 3642 nulla
1022 3569 1151 3641 fiet
1184 3568 1552 3642 refractio.

891 3683 1076 3757 Cum
1112 3684 1307 3755 enim
1343 3707 1431 3755 ex
1469 3681 1669 3754 omni
1700 3692 1911 3776 parte
1949 3679 2574 3776 perpendicularis
2610 3680 2860 3753 omnia

789 3797 1098 3893 aequalia
1130 3808 1207 3869 et
1261 3796 1525 3868 similia
1577 3805 2107 3891 supponantur,
2150 3817 2315 3890 quae
2367 3804 2541 3865 sunt
2573 3794 2648 3865 in
2682 3792 2859 3888 ipsis

789 3911 1095 3993 mediis;
1148 3910 1210 3982 si
1243 3921 1562 4006 ponatur
1615 3909 1838 3981 etiam
1890 3918 2133 3979 motus
2186 3907 2342 4002 ipse
2375 3905 2895 4006 perpendicu5

787 4024 983 4113 lariS,
1021 4034 1236 4096 erunt
1264 4045 1555 4119 quoque
1582 4021 1899 4117 aequales
1933 4019 2443 4093 inclinationes
2469 4020 2587 4092 vel
2610 4020 2860 4115 potius

787 4138 1028 4210 nullae.
1133 4135 1356 4208 Nulla
1405 4136 1656 4231 itaque
1710 4158 1930 4207 causa
1974 4157 2133 4206 esse
2165 4144 2414 4229 potest
2447 4158 2537 4206 ex
2572 4157 2718 4229 qua
2751 4133 2862 4206 in-

786 4250 1068 4324 feratur
1134 4248 1478 4322 refractio
1550 4273 1640 4320 ex
1706 4258 1917 4343 parte
1981 4270 2132 4317 una
2209 4246 2859 4342 perpendiculariS‚

787 4387 952 4459 quae
979 4388 1127 4436 non
1183 4386 1391 4459 aeque
1445 4361 1960 4434 refractionem
2020 4359 2329 4434 eandem
2388 4361 2862 4434 convinceret
