3182 5102
800 498 904 548 nE
944 496 1321 550 CORPORE
1361 497 1460 547 ET
1498 497 1992 548 AccmENTE.
2339 483 2434 546 93

360 663 612 757 abesse
647 686 692 733 a
742 685 1050 757 corpore
1100 661 1256 733 sine
1309 661 1615 734 interitu
1668 664 1824 757 ejus
1874 685 2025 733 non
2077 671 2411 755 possunt,
2493 668 2667 781 ΡΑΙέὃ
2704 668 2775 715 Π·

361 800 530 847 nam
565 798 832 871 corpus
867 775 1023 847 sine
1059 775 1486 847 extensione
1521 786 1652 847 aut
1672 775 1828 847 sine
1856 776 2094 869 figura
2114 773 2414 846 omnino
2489 768 2768 838 s--ss--ae

362 888 651 985 concipi
711 913 863 961 non
927 899 1197 983 potest.
1334 887 1622 960 Caetera
1688 899 1935 960 autem
1985 886 2419 974 accidentia,

363 1027 526 1099 quae
579 1027 729 1075 non
783 1002 1109 1074 omnium
1169 1025 1561 1097 corporum
1616 1001 2055 1089 communia,
2112 1000 2242 1073 sed
2293 1000 2424 1072 ali-

364 1140 676 1212 quorum
708 1115 1007 1213 propria
1040 1126 1236 1204 sunt,
1271 1126 1360 1187 ut
1394 1115 1796 1210 quiescere,
1850 1114 2151 1199 moveri,
2205 1114 2432 1201 color,

365 1229 696 1318 durities,
766 1240 843 1301 et
898 1227 1184 1317 similia,
1250 1227 1816 1300 succedentibus
1866 1227 2026 1300 aliis
2083 1227 2435 1299 continuo

364 1343 763 1431 intereunt,
839 1353 925 1414 ut
997 1353 1246 1413 tamen
1308 1365 1575 1437 corpus
1645 1341 1964 1414 intereat
2036 1364 2436 1437 nunquam.

368 1455 590 1529 Quod
623 1468 874 1527 autem
911 1453 1132 1526 alicui
1166 1453 1401 1526 videri
1433 1454 1694 1549 possit,
1748 1479 1899 1528 non
1952 1454 2200 1527 omnia
2247 1453 2439 1527 acci-

365 1568 617 1641 dentia
702 1568 850 1641 suis
924 1567 1356 1663 corporibus
1426 1566 1533 1639 ita
1616 1566 1879 1651 inesse,
1968 1567 2160 1640 sicut
2246 1567 2441 1640 inest

365 1681 725 1771 extensio,
753 1693 1031 1774 <motuS,
1087 1679 1317 1777 quieS,
1369 1691 1499 1752 aut
1533 1682 1814 1777 figura3
1869 1680 2183 1776 exempli
2220 1705 2442 1754 causa

368 1794 712 1883 colorem,
776 1793 1116 1880 calorem,
1179 1792 1505 1879 odorem,
1573 1794 1950 1883 virtutem,
2015 1794 2301 1883 vitium,
2365 1806 2441 1867 et

369 1908 653 1997 similia,
725 1907 940 1979 aliter
1016 1907 1255 1978 inesse
1325 1916 1402 1977 et
1476 1905 1593 1998 (ut
1655 1905 1946 2000 dicunt)
2039 1906 2439 1991 inhaerere;

368 2021 584 2093 velim
641 2045 810 2093 eum
865 2021 942 2093 in
1000 2019 1399 2116 praesentia
1444 2019 1807 2116 judicium
1860 2043 2073 2093 suum
2109 2020 2201 2093 de
2237 2045 2325 2093 ea
2358 2044 2437 2093 re

371 2134 835 2231 suspendere,
892 2145 969 2206 et
1012 2155 1407 2230 parumper
1458 2143 1871 2228 expectare,
1930 2132 2165 2205 donec
2219 2133 2443 2206 ratio-

372 2247 740 2320 cinatione
775 2245 1298 2341 investigatum
1333 2245 1452 2329 sit,
1512 2269 1608 2316 an
1641 2245 1802 2317 haec
1837 2245 1997 2342 ipsa
2031 2246 2446 2320 accidentia

372 2383 520 2433 non
553 2360 705 2432 sint
753 2360 976 2432 etiam
1026 2370 1272 2431 motus
1326 2358 1650 2454 quidam,
1714 2371 1844 2432 aut
1898 2360 2124 2432 animi
2185 2360 2443 2456 imagi-

372 2473 642 2561 nantis„
701 2483 831 2544 aut
882 2495 1274 2568 corporum
1342 2471 1671 2568 ipsorum
1740 2496 1903 2569 quae
1971 2473 2439 2558 sentiuntur;

372 2610 540 2659 nam
574 2585 761 2658 illud
819 2585 1227 2682 explorare,
1262 2608 1534 2682 magna
1576 2609 1749 2682 pars
1798 2598 1911 2659 est
1957 2587 2443 2685 Philosophiae

379 2698 760 2771 naturalis,

470 2821 540 2884 4.
593 2812 945 2886 Extensio
983 2812 1312 2908 corporis
1346 2812 1543 2885 idem
1597 2826 1710 2887 est
1763 2815 1960 2911 quod
2009 2815 2442 2912 magnitudo
2472 2826 2781 2905 Μᾳειιίωᾶο,

378 2927 557 3022 ejus,
615 2925 767 2997 sive
822 2924 900 2996 id
955 2924 1154 3020 quod
1199 2925 1427 3021 aliqui
1473 2938 1746 2999 vocant
1799 2930 2126 3026 spatium
2174 2929 2386 3001 reale
2415 2957 2444 3012 ,·
2470 2894 2607 2956 ‘¹⁰¹⁶'

373 3038 806 3135 magnitudo
842 3051 1091 3110 autem
1126 3037 1251 3110 illa
1290 3062 1442 3110 non
1485 3038 1854 3135 dependet
1894 3065 1939 3112 a
1993 3042 2444 3137 cogitatione

374 3163 654 3241 nostra,
693 3152 886 3224 sicut
920 3152 1241 3248 spatium
1274 3151 1813 3248 imaginarium,
1848 3153 1992 3227 hoc
2018 3155 2213 3227 enim
2250 3155 2443 3227 illius

377 3266 679 3338 effectus
750 3278 887 3355 est,
956 3264 1390 3361 magnitudo
1462 3290 1725 3351 causa;
1811 3266 1953 3341 hoc
2016 3268 2264 3357 animi,
2320 3268 2446 3340 illa

379 3378 709 3474 corporis
744 3391 957 3451 extra
991 3377 1323 3450 animum
1360 3379 1745 3452 existentis
1779 3380 2123 3453 accidens
2159 3393 2296 3454 est.

478 3501 542 3563 5.
600 3491 936 3588 Spatium
994 3504 1242 3565 autem
1309 3494 1487 3588 (qua
1531 3517 1716 3566 voce
1770 3517 2058 3591 semper
2111 3494 2444 3592 intelligo
2472 3502 2615 3617 3⁰1}ss
2620 3502 2863 3618 ἕξεί,

387 3603 930 3701 imaginarium)
1008 3604 1202 3701 quod
1289 3630 1457 3678 cum
1541 3607 1870 3703 corporis
1945 3609 2445 3705 cujuscunque
2473 3633 2790 3684 immobilem.

378 3717 885 3813 magnitudine
979 3719 1355 3808 coincidit,
1443 3720 1637 3794 illius
1724 3723 2053 3818 corporis
2138 3736 2447 3797 vocatur

379 3828 583 3902 locus
606 3859 634 3914 ,·
688 3842 867 3905 tunc
915 3843 1163 3905 autem
1199 3858 1465 3930 corpus
1505 3834 1747 3931 ipsum
1783 3835 2103 3909 locatum
2150 3836 2443 3911 dicitur.

382 3941 622 4016 Locus²
657 3956 904 4017 autem
939 3969 985 4017 a
1017 3946 1526 4042 magnitudine
1559 3947 1786 4021 locati
1823 3948 2092 4039 differt,
2127 3951 2445 4046 primum

383 4054 457 4127 in
513 4079 600 4129 eo
657 4057 857 4153 quod
910 4081 1177 4154 corpus
1245 4058 1442 4132 idem
1497 4062 1804 4135 eandem
1861 4064 2446 4160 magnitudinem

386 4192 670 4266 semper
702 4170 1044 4260 retineat,
1069 4182 1147 4243 et
1181 4171 1357 4244 dum
1394 4174 1729 4270 quiescit,
1765 4189 1842 4247 et
1876 4176 2052 4249 dum
2084 4189 2443 4267 movetur,

387 4283 514 4355 sed
572 4284 746 4356 dum
815 4296 1154 4357 movetur
1221 4286 1535 4360 eundem
1607 4287 1840 4360 locum
1905 4312 2057 4361 non
2127 4290 2442 4373 retinet;

388 4397 706 4470 secundo
767 4398 844 4470 in
906 4422 993 4471 eo
1054 4398 1255 4493 quod
1302 4401 1507 4473 locus
1546 4402 1873 4498 corporis
1921 4404 2445 4499 cujuscunque,
