3182 5102
717 441 860 508 206
1199 456 1306 507 DE
1348 458 1859 509 RA'rlomsz
1902 458 2290 510 Mo'rUUM.

360 627 664 741 Fufi-11¹·
710 621 935 717 positi
989 621 1066 696 in
1129 623 1218 712 A,
1285 623 1579 718 quando
1629 637 1874 697 motus
1933 626 1998 697 A
2028 625 2086 697 C
2148 636 2262 697 est
2319 623 2789 696 uniformiter

374 764 656 798 *vd
710 735 1161 809 acceleratus
1207 760 1440 831 usque
1493 737 1590 810 ad
1649 737 1709 809 B
1731 738 1820 827 D,
1876 750 2232 833 quantum
2284 734 2575 810 confert
2617 760 2785 832 pars

289 833 682 947 ,Sjrmffiflssffff'
712 850 773 919 A
806 849 883 934 F,
921 848 1215 944 quando
1245 862 1490 922 motus
1512 850 1764 924 lateris
1795 851 1860 922 A
1890 851 1949 923 C
1974 864 2088 923 est
2116 850 2500 923 uniformis
2531 850 2787 923 eodem

287 963 449 1023 ⁸⁵¹¹¹¹¹¹›
480 970 570 1012 0‘0·
712 973 1044 1057 tempore
1078 986 1311 1058 usque
1339 963 1436 1036 ad
1478 964 1534 1035 F
1559 964 1645 1036 G.

813 1075 1182 1149 Quoniam
1251 1076 1446 1149 enim
1502 1078 1569 1149 A
1596 1076 1652 1147 F
1723 1088 1835 1148 est
1903 1076 2146 1149 media
2210 1076 2788 1172 proportionalis

711 1187 907 1260 inter
967 1199 1202 1260 totam
1271 1189 1336 1260 A
1374 1189 1449 1272 Βν
1498 1202 1573 1262 et
1630 1189 2006 1261 semissem
2063 1189 2125 1259 A
2150 1188 2234 1276 E,
2292 1189 2435 1261 erit
2470 1188 2788 1284 impetus

711 1312 954 1373 motus
988 1300 1081 1372 ab
1118 1300 1185 1372 A
1207 1300 1266 1372 C
1320 1301 1416 1373 ad
1472 1302 1532 1374 B
1560 1302 1653 1389 D,
1689 1301 2223 1374 acceleratione
2271 1301 2621 1374 uniformi
2680 1301 2789 1373 ul-

709 1412 891 1485 timo
926 1412 1352 1507 acquisitus,
1396 1414 1559 1509 (per
1586 1425 1727 1486 art.
1777 1416 1892 1506 13)
1925 1414 2085 1508 ipsa
2115 1414 2174 1486 Β
2205 1414 2270 1485 D
2301 1446 2320 1497 ;
2374 1427 2450 1487 et
2477 1414 2787 1510 proinde

709 1538 914 1599 recta
949 1526 1005 1597 F
1032 1525 1091 1597 B
1122 1539 1236 1599 est
1272 1551 1642 1614 excessuS,
1674 1551 1818 1622 quo
1848 1526 2260 1622 longitudo,
2298 1528 2392 1600 ab
2429 1527 2496 1599 A
2528 1527 2587 1599 C
2621 1551 2788 1623 per-

709 1663 924 1712 cursa
957 1648 1168 1711 motu
1208 1640 1679 1712 uniformiter
1724 1640 2159 1727 accelerato,
2211 1653 2513 1736 superat
2547 1640 2789 1735 longi-

709 1752 1041 1826 tudinem
1074 1775 1500 1847 percursam
1533 1754 1628 1826 ab
1658 1753 1914 1826 eadem
1943 1752 2106 1843 AC,
2144 1754 2404 1827 eodem
2432 1765 2787 1849 tempore,

710 1878 919 1938 motu
951 1864 1324 1955 uniformi,
1349 1891 1516 1939 cum
1546 1866 1828 1963 impetu
1850 1866 2123 1962 ubique
2151 1867 2292 1963 ipsi
2320 1867 2381 1938 Β
2405 1868 2470 1939 D
2500 1867 2784 1962 aequali.

713 1980 962 2054 Quare
1014 1978 1076 2051 si
1127 1990 1290 2052 tota
1340 1979 1407 2051 A
1431 1980 1492 2051 Β
1544 1992 1930 2053 moveatur
1979 1980 2446 2053 uniformiter
2474 1981 2571 2052 ad
2608 1981 2668 2051 C
2697 1980 2785 2067 D,

711 2092 972 2165 eodem
1026 2103 1359 2188 tempore
1414 2117 1559 2188 quo
1616 2096 1681 2165 A
1705 2094 1764 2166 C
1818 2082 2172 2166 movetur
2192 2093 2661 2167 uniformiter
2693 2094 2788 2165 ad

714 2205 770 2276 F
797 2206 885 2295 G,
941 2230 1111 2302 pars
1184 2206 1239 2277 F
1266 2207 1352 2296 B,
1422 2231 1593 2279 cum
1659 2231 1811 2280 non
1879 2220 2274 2280 concurrat
2343 2230 2510 2278 cum
2581 2219 2789 2278 motu

709 2317 961 2392 lateris
1017 2319 1083 2390 A
1113 2318 1200 2408 C,
1265 2319 1465 2415 quod
1523 2319 1965 2415 supponitur
2028 2320 2431 2393 consistere
2484 2320 2562 2392 in
2618 2320 2673 2391 F
2700 2320 2786 2408 G,

710 2432 945 2504 motui
981 2433 1137 2528 ejus
1171 2432 1354 2505 nihil
1391 2431 1748 2505 conferet.
1854 2432 2135 2505 Rursus
2172 2433 2554 2529 supposito
2590 2433 2789 2528 quod

707 2544 903 2617 latus
938 2544 1005 2617 A
1029 2545 1087 2618 C
1123 2558 1506 2619 moveatur
1539 2545 1636 2619 ad
1672 2544 1733 2616 B
1758 2545 1824 2618 D
1853 2559 2064 2619 motu
2088 2545 2559 2630 uniformiter
2579 2572 2787 2620 acce-

706 2657 967 2748 lerato,
996 2659 1191 2732 latus
1227 2659 1295 2731 A
1317 2660 1377 2732 B
1414 2672 1624 2732 motu
1657 2683 1790 2732 suo
1826 2659 2175 2732 uniformi
2210 2660 2304 2733 ad
2343 2661 2402 2732 C
2429 2661 2495 2733 D
2547 2661 2786 2735 minus

708 2783 1097 2867 promovet
1130 2772 1400 2845 mobile
1436 2773 1513 2845 in
1550 2772 1858 2869 singulis
1893 2773 2260 2868 parallelis
2296 2774 2787 2847 acceleratum

710 2906 931 2978 quam
993 2908 1142 2957 non
1214 2885 1732 2974 acceleratum,
1795 2898 1872 2958 et
1928 2898 2140 2959 tanto
2203 2887 2446 2960 minus
2509 2900 2784 2983 quanto

708 2999 944 3093 maj0r
1003 3009 1118 3070 est
1170 2999 1609 3072 acceleratio
1673 3002 1788 3093 (ut
1843 3011 2221 3073 ostensum
2283 3014 2398 3074 est
2450 3013 2589 3072 art.
2636 3001 2783 3092 12).

707 3111 968 3204 Itaque
1003 3110 1299 3206 quando
1335 3112 1403 3184 A
1425 3111 1485 3184 C
1520 3124 1634 3184 est
1668 3113 1744 3184 in
1781 3114 1839 3185 F
1865 3113 1950 3202 G,
2004 3137 2138 3209 per
2172 3125 2457 3187 motum
2508 3114 2787 3187 accele-

708 3234 975 3312 ratum,
1015 3222 1286 3295 mobile
1323 3248 1474 3296 non
1526 3226 1669 3297 erit
1702 3226 1779 3298 in
1813 3226 2045 3299 latere
2099 3226 2158 3298 C
2186 3227 2252 3299 D
2305 3227 2401 3300 ad
2429 3239 2785 3323 punctum

709 3336 797 3424 G,
834 3335 965 3408 sed
1000 3335 1097 3408 ad
1128 3349 1487 3431 punctum
1523 3338 1588 3409 D
1616 3369 1634 3421 ;
1687 3338 1795 3411 ita
1827 3351 1913 3411 ut
1941 3339 2005 3412 G
2026 3339 2092 3411 D
2131 3340 2229 3411 sit
2251 3363 2614 3428 excessus,
2639 3364 2784 3435 quo

706 3448 1121 3545 longitud0,
1156 3449 1355 3522 facta
1383 3463 1590 3524 motu
1644 3452 2052 3526 accelerato
2104 3452 2199 3526 ad
2254 3454 2314 3526 B
2343 3454 2434 3542 D,
2488 3464 2786 3549 superat

707 3562 1248 3658 longitudinem
1282 3563 1555 3636 factam
1591 3575 1801 3638 motu
1835 3564 2189 3638 uniformi
2222 3566 2320 3638 ad
2355 3566 2411 3637 F
2433 3565 2522 3638 G.
2585 3567 2784 3639 Effu-

707 3675 821 3771 git
855 3697 1033 3771 ergo
1062 3675 1333 3750 mobile
1367 3677 1902 3751 acceleratione
1939 3703 2073 3751 sua
2132 3679 2501 3753 actionem
2552 3679 2785 3775 partis

709 3788 776 3859 A
800 3789 879 3877 F,
915 3788 1023 3861 ita
1056 3801 1143 3861 ut
1169 3791 1553 3885 perveniat
1587 3791 1685 3864 ad
1718 3790 1910 3864 latus
1947 3790 2006 3863 C
2030 3792 2095 3863 D
2132 3802 2463 3888 tempore
2486 3793 2785 3888 quidem

710 3901 778 3973 A
803 3901 887 3990 C,
941 3900 1183 3974 sedin
1218 3901 1682 3998 longitudine
1736 3903 1795 3975 C
1817 3904 1908 3993 D,
1961 3928 2125 3999 quae
2175 3917 2289 3976 est
2337 3905 2783 4001 longitudini

711 4012 778 4084 A
802 4013 862 4085 Β
899 4013 1223 4108 aequalis.
1331 4015 1580 4089 Quare
1602 4027 1934 4111 tempore
1954 4016 2022 4087 A
2045 4016 2104 4090 C
2131 4029 2375 4089 motus
2396 4017 2782 4091 uniformis

710 4126 804 4197 ab
839 4126 907 4198 A
929 4125 990 4196 Β
1042 4124 1138 4198 ad
1181 4126 1240 4197 C
1267 4126 1359 4215 D,
1395 4128 1472 4199 in
1501 4127 1963 4224 longitudine
1998 4140 2161 4202 tota
2204 4130 2266 4200 A
2295 4130 2380 4219 B,
2433 4154 2585 4204 11011
2617 4132 2782 4226 plus

710 4237 867 4334 agit
902 4238 978 4310 in
1012 4238 1283 4311 mobile
1311 4240 1780 4314 uniformiter
1812 4243 2302 4315 acceleratum
2353 4244 2445 4316 ab
2498 4244 2564 4315 A
2590 4244 2649 4315 C
2687 4245 2783 4318 ad

713 4350 778 4422 D
803 4351 887 4440 B,
926 4375 1144 4446 quam
1175 4353 1233 4424 si
1266 4366 1459 4426 esset
1496 4355 1559 4425 A
1585 4355 1644 4427 C
1679 4368 1883 4428 mota
1915 4356 2172 4429 eodem
2207 4369 2539 4451 tempore
2574 4370 2782 4431 motu
