3182 5102
1019 527 1128 579 nn
1168 528 1720 582 srntoorsmo.
2316 509 2411 575 43

329 726 333 731 ·
433 695 504 775 7.
557 691 940 790 Distingui
993 693 1237 768 solent
1269 694 1679 793 syllogismi
1735 691 2164 767 diversitate
2192 689 2415 787 figu-
2517 716 2694 767 PARS
2718 716 2763 766 1.

334 828 616 895 rarum,
650 806 796 879 hoc
831 818 946 880 est
971 807 1262 882 diversa
1275 809 1647 906 positione
1679 806 1907 880 medii
1928 804 2288 888 termini,-
2341 813 2419 875 et
2517 784 2767 887 „LE-2

337 917 416 991 in
445 919 688 1016 figura
718 944 972 994 rursus
1028 920 1588 1019 distinguuntur
1642 920 1942 1018 quidam
1990 917 2215 1007 modi,
2269 917 2414 990 hoc
2442 945 2575 1009 syuo
2548 948 2652 1010 ogi
2654 947 2724 995 mi

337 1044 453 1105 est
508 1032 941 1108 differentiae
997 1036 1336 1132 quaedam
1394 1036 1474 1109 in
1533 1034 2127 1133 propositionum
2179 1056 2417 1129 quan·
2441 1011 2539 1075 ¹³⁸⁰
2510 1027 2595 1061 ²¹³⁸
2614 1012 2747 1076 ΨΜ·

340 1145 565 1218 litate
600 1156 676 1218 et
708 1146 1108 1243 qualitate.
1209 1148 1476 1221 Prima
1507 1149 1789 1247 figura
1840 1157 2274 1221 numeratur
2328 1169 2420 1220 ea.

337 1256 418 1330 in
452 1282 599 1353 qua
640 1259 940 1332 termini
993 1260 1432 1334 ordinantur
1485 1260 1892 1335 secundum
1947 1260 2418 1335 latitudinem

337 1370 985 1467 significationum,
1027 1385 1115 1448 ut
1146 1374 1387 1448 minor
1419 1376 1783 1449 terminus
1820 1375 2122 1474 primus
2157 1373 2418 1448 ordine

339 1486 496 1573 fiat,
563 1486 830 1561 deinde
882 1488 1194 1579 medius,
1254 1490 1524 1562 tertius
1566 1490 1815 1585 major
1842 1517 1871 1574 ,·
1921 1500 2012 1562 ut
2069 1487 2133 1561 si
2185 1511 2418 1584 pona-

339 1622 505 1671 mus
535 1623 673 1696 pro
706 1600 991 1674 minore
1024 1603 1341 1676 termino
1391 1603 1626 1693 homo,
1659 1627 1797 1699 pro
1833 1601 2075 1675 medio
2111 1598 2415 1687 animal,

339 1735 476 1807 pro
531 1715 809 1811 majore
862 1740 1141 1814 corpus
1169 1745 1198 1800 ‚·
1252 1716 1719 1814 syllogismus
1762 1717 1844 1790 in
1883 1716 2125 1813 prima
2177 1714 2421 1810 figura

333 1825 513 1898 erit.

609 1987 858 2061 Homo
892 1998 1011 2063 est
1038 1989 1345 2082 animal,
1382 1989 1670 2065 animal
1696 2000 1812 2065 est
1846 2014 2148 2088 corpus,

444 2164 533 2237 In
567 2189 715 2261 qua
746 2166 991 2240 minor
1041 2168 1452 2264 propositio
1508 2180 1646 2257 est,
1704 2167 1915 2240 homo
1951 2175 2070 2241 est
2113 2163 2421 2255 animal,

342 2282 603 2375 major,
659 2280 948 2354 animal
997 2291 1114 2354 est
1141 2306 1443 2380 corpus,
1496 2281 1872 2356 conclusio
1929 2279 2083 2353 sive
2136 2303 2424 2352 summa

341 2393 659 2467 collecta
689 2393 898 2467 homo
935 2404 1052 2467 est
1085 2420 1387 2494 corpus.
1490 2394 1930 2493 Appellatur
1962 2405 2214 2467 autem
2260 2392 2423 2466 haec

346 2508 589 2603 figura
622 2506 931 2597 directa,
968 2507 1141 2605 quia
1183 2508 1482 2583 termini
1511 2512 1668 2606 ejus
1697 2508 2060 2582 directum
2090 2506 2426 2581 ordinem

343 2621 766 2714 observant,
835 2622 1165 2695 variatur
1231 2634 1483 2696 autem
1569 2646 1705 2719 per
1787 2621 2281 2719 quantitatem
2347 2631 2426 2693 et

346 2734 779 2831 qualitatem
837 2747 1156 2831 quatuor
1208 2736 1471 2826 modis,
1528 2736 1895 2833 siquidem
1928 2735 2127 2808 enim
2169 2757 2424 2807 omnes

345 2848 646 2921 termini
703 2849 856 2922 sint
906 2849 1231 2946 positivi,
1290 2863 1367 2924 et
1421 2851 1664 2923 minor
1717 2849 2077 2923 terminus
2135 2848 2427 2921 univer-

347 2962 544 3052 salis,
598 2973 686 3035 ut
719 2962 954 3034 omnis
987 2962 1197 3036 homo
1231 2973 1349 3037 est
1381 2962 1688 3054 animal,
1734 2988 1939 3036 omne
1984 2960 2269 3035 animal
2308 2971 2427 3034 est

347 3100 649 3173 corpus,
693 3076 782 3148 fit
812 3076 1076 3150 modus
1109 3077 1390 3174 primus
1422 3109 1441 3163 ;
1495 3078 1572 3150 in
1611 3101 1756 3174 quo
1793 3100 2049 3150 omnes
2090 3075 2427 3173 proposi-

347 3188 592 3263 tiones
626 3200 804 3262 sunt
837 3190 1294 3264 affirmativae
1326 3190 1782 3264 universales
1814 3222 1833 3274 ;
1889 3190 2004 3264 sin
2058 3191 2297 3286 major
2330 3189 2429 3263 sit

348 3327 622 3377 nomen
656 3304 1106 3400 negativum,
1144 3316 1222 3378 et
1253 3304 1497 3379 minor
1528 3304 1987 3397 universaliS,
2025 3305 2114 3376 fit
2167 3326 2430 3377 secun-

350 3415 489 3489 dus
554 3416 873 3501 modus;
933 3428 1019 3490 ut
1085 3416 1321 3489 omnis
1380 3417 1589 3490 homo
1658 3425 1776 3489 est
1844 3414 2151 3505 animal,
2221 3439 2429 3487 omne

350 3528 641 3601 animal
688 3538 805 3601 est
839 3554 984 3602 non
1019 3529 1275 3619 arbor,
1333 3530 1413 3603 in
1448 3553 1595 3626 quo
1632 3531 1868 3626 major
1898 3528 2311 3625 propositio
2348 3537 2427 3601 et

351 3641 730 3714 conclusio
767 3653 940 3715 sunt
971 3641 1421 3716 universales
1456 3642 1848 3739 negativae.
1951 3641 2095 3714 His
2142 3640 2430 3714 duobus

352 3753 527 3827 addi
560 3755 805 3828 solent
835 3754 961 3828 alii
997 3755 1169 3844 du0,
1220 3754 1560 3829 faciendo
1616 3754 1978 3827 minorem
2032 3753 2430 3826 terminum

352 3868 896 3964 particularem.
1000 3868 1257 3942 Potest
1312 3892 1607 3965 quoque
1654 3867 1817 3940 fieri
1861 3880 1949 3940 ut
1994 3877 2148 3940 tam
2193 3868 2431 3963 major

355 4005 576 4077 quam
640 3981 927 4055 medius
996 3982 1356 4055 terminus
1422 4005 1697 4054 nomen
1771 3981 1870 4054 sit
1937 3981 2430 4077 negativum;

356 4096 554 4191 quod
608 4120 779 4168 cum
832 4097 942 4186 fit,
1000 4096 1238 4170 oritur
1289 4095 1475 4168 alius
1524 4095 1786 4168 modus
1840 4095 1918 4167 in
1973 4119 2121 4192 quo
2174 4120 2430 4169 omnes

360 4208 906 4305 propositiones
956 4209 1325 4306 negativae
1377 4220 1573 4299 sunt,
1632 4220 1709 4282 et
1760 4220 2012 4282 tamen
2057 4208 2432 4305 legitimus

367 4321 496 4394 fiet
548 4322 1040 4420 syllogismuS,
1093 4333 1183 4395 ut
1235 4322 1297 4395 si
1351 4323 1653 4395 termini
1704 4323 1856 4396 sint
1901 4322 2144 4396 minor
2195 4323 2430 4412 homo,

361 4435 645 4509 medius
700 4439 844 4511 uon
899 4435 1131 4535 lapis,
1189 4436 1424 4532 major
1466 4461 1610 4510 non
1664 4434 1885 4529 silex,
1941 4437 2431 4535 syllogismuS,
