3182 5102
421 623 595 673 PARS
621 626 724 674 111.

523 692 599 738 22.

443 760 692 794 »ῆ-κ

608 844 722 942 reah

381 828 519 875 Actio

381 893 614 955 antiope»-

379 958 703 1072 &timim
600 975 676 1006 ⁶·

769 439 911 503 284
1264 457 1369 508 DE
1411 458 1927 511 RATIONIBUS
1969 460 2359 512 MOTUUM.

880 629 990 693 19.
1045 622 1264 695 Actio
1314 637 1391 696 et
1446 626 1724 699 reactio
1780 650 1913 723 per
1959 625 2268 699 eandem
2313 628 2505 699 fiunt
2549 626 2834 713 lineam,

773 734 903 807 sed
936 759 981 806 a
1014 737 1348 809 terminis
1390 739 1772 835 oppositis.
1879 739 2063 811 Cum
2100 740 2293 812 enim
2329 739 2606 811 reaetio
2658 738 2837 811 nihil

766 847 966 920 aliud
1001 849 1120 937 sit,
1163 874 1381 945 quam
1433 852 1763 948 corporis
1814 853 2166 948 patientis
2219 876 2378 925 sese
2412 853 2487 924 in
2525 851 2835 924 eundem

767 960 1013 1047 situm,
1074 963 1274 1035 unde
1324 989 1370 1037 a
1427 979 1703 1039 conatu
1757 966 2045 1065 agentis
2111 966 2570 1054 deturbatur,
2626 966 2836 1039 resti-

766 1073 1024 1145 tuendi
1093 1089 1422 1167 conatuS,
1500 1091 1811 1152 conatus
1879 1079 2032 1152 sive
2117 1091 2361 1153 motus
2432 1079 2835 1174 utriusque,

764 1211 1029 1284 nempe
1104 1193 1392 1285 agentis
1479 1205 1557 1265 et
1625 1193 2021 1289 reagentis,
2105 1204 2559 1290 propagatur
2641 1191 2839 1263 inter

767 1300 1063 1373 eosdem
1111 1303 1490 1393 terminOS,
1540 1305 1649 1378 ita
1696 1316 1945 1379 tamen
2001 1318 2086 1378 ut
2150 1305 2348 1402 quod
2410 1305 2487 1377 in
2544 1303 2837 1376 actione

644 1488 650 1493 ,
766 1425 878 1485 est
916 1415 1272 1488 terminus
1307 1441 1357 1488 α
1391 1441 1559 1513 qu0,
1612 1417 1690 1489 in
1736 1419 2112 1491 reactione
2162 1418 2259 1490 sit
2313 1418 2674 1490 terminus
2733 1416 2845 1488 ad

373 2212 584 2263 Habitus
600 2217 732 2279 quid.

765 1552 1027 1623 quem:
1081 1553 1394 1626 cumque
1430 1531 1537 1603 ita
1583 1555 1662 1604 se
1708 1556 1825 1604 res
1859 1532 2131 1605 habeat
2178 1556 2330 1605 non
2379 1530 2600 1603 modo
2638 1530 2837 1602 inter

765 1641 1120 1715 terminos
1174 1644 1552 1739 oppositos
1610 1645 1838 1718 totius
1892 1646 2107 1718 lineae
2165 1669 2299 1740 per
2358 1669 2575 1740 quam
2635 1644 2835 1716 actio

761 1768 1236 1851 propagatur,
1308 1757 1437 1829 sed
1506 1758 1729 1830 etiam
1810 1781 1944 1853 per
2012 1781 2266 1830 omnes
2346 1759 2500 1854 ejus
2558 1769 2836 1853 partes,

762 1867 1058 1940 termini
1118 1895 1168 1942 a
1234 1894 1378 1967 quo
1443 1883 1518 1942 et
1582 1871 1659 1942 in
1726 1895 1938 1967 quem
2010 1882 2164 1943 tam
2231 1869 2542 1943 actionis
2612 1893 2838 1965 quam

762 1982 1152 2056 reactionis
1193 1983 1271 2055 in
1326 1983 1583 2056 eadem
1631 1995 1852 2056 erunt
1901 1983 2120 2056 linea.
2224 1983 2343 2055 Fit
2397 2005 2573 2079 ergo
2634 1982 2837 2054 actio

761 2106 836 2166 et
869 2095 1145 2168 reactio
1181 2095 1257 2167 in
1292 2096 1549 2169 eadem
1583 2097 1799 2169 linea.

858 2216 977 2281 20.
1035 2207 1220 2280 Cum
1252 2209 1391 2298 his,
1428 2234 1591 2305 quae
1635 2209 1834 2282 dicta
1872 2221 2047 2282 sunt
2093 2208 2184 2281 de
2235 2219 2468 2297 motu,
2522 2208 2837 2303 conjun-

755 2343 1012 2416 gemus
1047 2321 1269 2394 etiam
1301 2323 1580 2419 aliquid
1615 2322 1706 2395 de
1742 2321 2023 2394 habitu.
2127 2322 2264 2394 Est
2298 2320 2493 2393 enim
2529 2319 2836 2392 habitus

756 2446 1000 2507 motus
1085 2436 1423 2530 quaedam
1505 2435 1912 2532 generatiO,
1999 2459 2150 2507 non
2215 2433 2512 2531 quidem
2582 2445 2834 2507 motus

645 2607 650 2613 .
758 2547 1208 2645 simpliciter,
1272 2549 1400 2623 sed
1455 2550 1640 2623 moti
1697 2573 1828 2647 per
1892 2560 2170 2622 certam
2232 2561 2307 2621 et
2369 2548 2833 2645 designatam

753 2661 948 2734 viam
983 2663 1379 2737 conductio
1413 2663 1672 2737 facilis.
1779 2663 2002 2736 Quod
2040 2687 2207 2735 cum
2255 2664 2388 2735 fiat
2411 2728 2416 2732 .
2438 2685 2570 2758 per
2605 2686 2834 2735 cona-

755 2785 989 2864 tuum,
1027 2777 1151 2872 qui
1186 2789 1468 2850 motum
1521 2777 1922 2864 divertunt,
1978 2776 2584 2863 debilitationem,
2622 2773 2833 2847 debi-

753 2887 1016 2961 litandi
1053 2902 1225 2962 sunt
1259 2890 1615 2985 paulatim
1650 2890 1834 2962 tales
1872 2901 2204 2962 eonatuS.
2312 2889 2399 2962 Id
2434 2887 2631 2984 quod
2662 2889 2832 2961 fieri

752 3024 905 3074 non
932 3013 1180 3098 potest
1208 3003 1364 3076 sine
1392 3004 1682 3077 actione
1719 3003 1845 3075 diu
1873 3015 2241 3091 manente,
2265 3003 2382 3074 vel
2411 3001 2830 3075 actionibus

754 3116 1134 3211 repetitis;
1210 3128 1286 3188 et
1351 3130 1746 3215 propterea
1813 3139 1901 3188 ex
1978 3115 2510 3188 consuetudine
2587 3114 2830 3187 oritur

752 3227 1091 3318 facilitas,
1159 3253 1378 3325 quam
1438 3229 1661 3326 vulgo
1725 3240 1802 3301 et
1869 3240 2069 3301 reete
2138 3228 2470 3302 habitum
2540 3227 2825 3300 dicunt.

753 3340 1062 3413 Definiri
1128 3353 1375 3414 autem
1430 3342 1572 3415 hoc
1638 3341 1859 3416 modo
1927 3353 2222 3437 potest:
2309 3340 2647 3413 Habitu-s·
2706 3351 2827 3413 est

753 3465 987 3526 motus
1034 3457 1581 3545 consuetudine,
1636 3456 1722 3528 id
1770 3465 1904 3544 est,
1948 3465 2326 3553 perpetuo
2385 3464 2652 3527 conatu
2704 3453 2832 3525 vel

753 3568 1138 3640 conatibus
1176 3569 1477 3641 iteratis
1515 3579 1777 3641 contra
1816 3577 2125 3641 conatu-s·
2166 3567 2625 3653 resistente-5,
2665 3591 2825 3663 per

753 3690 1035 3753 certam
1084 3682 1277 3754 viam
1330 3682 1701 3754 diversam.
1737 3681 1833 3753 ab
1885 3706 1977 3752 ea
2026 3681 2101 3753 in
2151 3705 2301 3776 qua
2338 3705 2387 3752 a
2424 3678 2823 3778 principio

752 3805 1069 3892 coeptum
1103 3805 1219 3867 est
1251 3796 1547 3884 moveri,
1571 3795 1855 3891 factu-5
1907 3792 2359 3891 empeditior.
2465 3791 2686 3866 Quod
2735 3803 2825 3863 ut

752 3908 1086 4003 exemplo
1122 3908 1367 4005 aliquo
1402 3909 1637 4004 magis
1672 3906 2138 4004 perspicuum
2172 3907 2325 3994 fiat,
2360 3903 2822 3977 animadver-

751 4033 989 4094 tamus
1028 4021 1228 4116 quod
1275 4046 1442 4094 cum
1489 4044 1791 4094 manum
1843 4019 2022 4115 lyrae
2076 4018 2423 4092 admovet
2475 4016 2820 4114 pulsandi

747 4134 1153 4229 imperituS,
1189 4147 1361 4230 post
1392 4135 1709 4232 primum
1744 4133 1975 4206 ictum
2023 4156 2172 4205 non
2225 4132 2504 4205 feretur
2553 4155 2819 4203 manus

748 4247 840 4319 ad
875 4248 1141 4337 locum,
1180 4273 1394 4344 quem
1431 4249 1551 4321 ille
1584 4248 1745 4321 vult
1790 4246 2128 4343 pulsa-ndi
2177 4244 2575 4318 secundum
2630 4267 2818 4332 esse,
