3182 5102
693 445 786 523 70
1157 463 1688 515 οοΜΡυΤΑΤΙο
1731 466 1917 516 swa
1958 466 2282 524 Looch.

361 639 533 687 PARS
567 639 610 688 Ι·
693 655 780 704 ex
846 641 1053 702 motu
1115 631 1466 704 continuo
1530 631 1623 704 ab
1685 632 1969 729 origine
2031 636 2189 730 ejus
2251 633 2348 705 ad
2407 632 2769 729 originem

364 774 609 809 ψ-Ἰ-κ
697 755 943 816 motus
989 741 1258 833 vitalis,
1314 745 1520 839 cujus
1571 744 1869 839 quidem
1913 758 2160 818 motus
2201 745 2445 818 vitalis
2481 769 2527 817 a
2558 758 2772 818 motu

697 856 821 928 illo
883 856 1320 929 adveniente
1381 857 1695 931 mutatio
1759 870 1872 931 est
1926 859 2165 954 ipsum
2224 858 2497 931 lumen.
2624 859 2773 931 Sed

694 969 854 1042 haec
902 970 1103 1042 dicta
1149 970 1299 1042 sint
1336 994 1472 1066 pro
1518 971 1853 1067 exemplo
1901 983 2218 1061 tantum,
2256 996 2430 1044 nam
2484 971 2575 1043 de
2608 971 2770 1066 ipso

694 1082 971 1154 lumine
1003 1082 1200 1155 unde
1221 1093 1299 1154 et
1328 1083 1696 1177 quomodo
1725 1095 2146 1180 generetur,
2177 1084 2356 1157 alias
2390 1083 2772 1179 magisque

698 1217 830 1266 suo
892 1195 1055 1268 loco
1105 1194 1498 1268 dicendum
1540 1207 1675 1269 est.
1780 1197 2075 1269 Interea
2126 1198 2598 1270 manifestum
2659 1207 2773 1268 est

700 1307 897 1402 quod
930 1308 1006 1380 in
1044 1332 1429 1382 causarum
1475 1309 2049 1404 investigatione
2099 1311 2372 1408 partim
2418 1309 2771 1383 methodo

697 1421 1065 1517 analytica
1111 1422 1383 1517 partim
1424 1422 1844 1518 synthetica
1897 1448 2082 1521 opus
2117 1436 2251 1497 est.
2354 1423 2769 1519 Analytica,

696 1534 792 1606 ad
826 1535 1131 1608 effectus
1180 1535 1772 1609 circumstantias
1814 1537 2191 1634 sigillatim
2227 1536 2772 1632 concipiendaS,

696 1647 1115 1742 synthetica
1159 1649 1253 1722 ad
1289 1672 1376 1721 ea
1426 1673 1589 1744 quae
1643 1650 1950 1746 singulae
2000 1676 2134 1748 per
2184 1675 2262 1723 se
2314 1650 2642 1723 efficiunt
2693 1650 2771 1721 in

695 1784 926 1831 unum
959 1762 1489 1857 componenda.
1596 1763 1903 1836 Tradita
1939 1765 2094 1860 jam
2145 1763 2566 1836 inveniendi
2618 1785 2770 1834 me-

696 1871 952 1963 thodo,
1002 1873 1394 1946 dicendum
1441 1888 1676 1948 restat
1711 1876 1804 1948 de
1840 1877 2189 1951 methodo
2241 1875 2578 1965 docendi,
2628 1873 2771 1947 hoc

698 1996 834 2070 est,
870 1984 961 2058 de
997 1985 1651 2075 demonstratione,
1687 2000 1763 2061 et
1797 1989 2351 2062 demonstrandi
2385 1987 2669 2060 mediis,

307 2114 569 2192 vocabpla·
804 2107 917 2170 11.
972 2100 1061 2171 In
1121 2100 1472 2173 methodo
1528 2101 1977 2189 inveniendi,
2023 2127 2199 2175 usus
2244 2101 2772 2176 vocabulorum

306 2187 599 2292 ’,ἶῖἷῗξᾷῗοᾷι
698 2210 1037 2283 consistit
1071 2211 1149 2283 in
1185 2236 1299 2302 eo,
1334 2224 1421 2285 ut
1455 2212 1605 2285 sint
1641 2224 1853 2304 ποτα»,
1884 2215 2148 2310 quibus
2178 2239 2343 2310 quae
2371 2213 2774 2287 adinventa

305 2310 639 2422 ffiffgtrffggni
697 2336 870 2395 sunt
916 2326 1247 2397 revocari
1292 2325 1371 2397 in
1405 2327 1837 2399 memoriam
1887 2328 2218 2423 possint;
2272 2351 2447 2400 nam
2492 2325 2637 2398 nisi
2694 2326 2770 2398 id

306 2440 637 2568 3233&-
695 2437 850 2524 fiat,
904 2437 1254 2533 quicquid
1307 2438 1720 2512 invenimus
1773 2440 2018 2534 perit;
2070 2464 2311 2535 neque
2344 2437 2692 2535 progredi
2728 2462 2774 2510 a

694 2549 1075 2647 principiis
1110 2576 1261 2625 uno
1283 2564 1414 2625 aut
1438 2554 1673 2626 altero
1702 2554 2123 2650 syllogismo
2144 2553 2439 2650 longius
2465 2562 2771 2649 propter

696 2663 1274 2737 imbecillitatem
1328 2667 1702 2739 memoriae
1768 2667 2114 2762 possibile
2170 2678 2306 2739 est.
2435 2663 2771 2759 Exempli

697 2776 960 2872 gratia,
1020 2778 1081 2850 si
1117 2779 1278 2873 quis
1315 2780 1884 2876 contemplando
1943 2779 2268 2876 positum
2302 2793 2474 2851 ante
2517 2777 2770 2849 oculos

698 2891 854 2985 ejus
890 2890 1190 2986 aliquod
1224 2891 1702 2987 triangulum,
1723 2892 2092 2965 inveniret
2121 2891 2319 2988 quod
2341 2889 2593 2985 anguli
2613 2891 2770 2985 ejus

700 3026 952 3075 omnes
979 3003 1195 3076 simul
1223 3004 1519 3101 sumpti,
1550 3005 1868 3100 aequales
1896 3018 2142 3077 essent
2171 3004 2456 3077 duobus
2479 3002 2771 3098 angulis

697 3115 945 3202 rectiS‚
980 3116 1199 3212 idque
1233 3141 1389 3191 rem
1425 3119 1659 3215 ipsam
1690 3118 1917 3191 tacite
1954 3118 2351 3214 cogitando
2382 3116 2538 3189 sine
2569 3116 2767 3189 omni

697 3229 1090 3302 verborum
1124 3241 1278 3303 tam
1313 3244 1843 3327 conceptorum
1872 3255 2092 3326 quam
2119 3230 2578 3327 prolatorum
2604 3253 2768 3317 usu,

699 3343 1165 3439 contingeret
1197 3344 1304 3416 illi
1337 3358 1422 3417 ut
1457 3344 1535 3416 in
1570 3344 1820 3417 oblato
1850 3344 2221 3440 triangulo
2244 3343 2503 3431 altem,
2538 3342 2767 3439 priori

699 3454 1055 3543 dissimili,
1090 3456 1206 3528 vel
1243 3456 1465 3529 etiam
1501 3457 1576 3528 in
1608 3456 1892 3545 eodem,
1929 3457 2059 3529 sed
2092 3456 2497 3529 secundum
2542 3455 2766 3529 alium

698 3568 923 3640 situm
977 3580 1399 3665 conspecto,
1453 3580 1705 3641 utrum
1761 3593 1849 3641 ea
1898 3569 2312 3665 proprietas
2368 3569 2645 3641 inesset
2700 3569 2766 3641 ei

696 3705 953 3769 necne,
1012 3681 1387 3777 ignoraret
1417 3706 1436 3764 ;
1490 3693 1566 3753 et
1598 3681 1909 3777 proinde
1945 3682 2041 3754 ad
2074 3681 2366 3777 singula
2398 3681 2768 3776 triangula

695 3793 1100 3891 proposita,
1160 3818 1321 3889 quae
1355 3794 1832 3867 multitudine
1867 3794 2158 3866 infinita
2194 3806 2390 3881 sunt,
2435 3805 2765 3866 contem-

694 3908 925 4004 platio
964 3908 1204 3980 denuo
1241 3908 1697 3981 instituenda
1730 3919 1947 3980 esset.
2050 3908 2138 3980 Id
2174 3907 2373 4004 quod
2400 3930 2532 4002 per
2549 3931 2765 3980 voca-

695 4021 1036 4095 bulorum
1068 4045 1284 4093 usum
1345 4022 1692 4117 (quorum
1741 4021 2319 4117 unumquodque
2352 4020 2765 4093 universale

696 4134 1175 4231 singularium
1208 4158 1457 4207 rerum
1492 4146 1894 4230 conceptus
1933 4135 2240 4207 denotat
2273 4134 2760 4225 infinitarum)

693 4271 992 4320 necesse
1029 4271 1181 4320 non
1225 4259 1362 4319 est.
1468 4245 1888 4320 Inserviunt
1924 4257 2172 4319 tamen
2208 4246 2643 4335 inventioni,
2682 4259 2767 4318 ut

685 4360 840 4454 jam
896 4359 1071 4450 dixi,
1137 4372 1487 4454 tanquam
1551 4368 1741 4432 ποία»
1795 4358 1889 4431 ad
1948 4358 2401 4448 memoriam,
2469 4382 2619 4432 non
2680 4371 2767 4431 ut
