<?xml version="1.0" encoding="UTF-8"?>
<!DOCTYPE html PUBLIC "-//W3C//DTD XHTML 1.0 Transitional//EN"
    "http://www.w3.org/TR/xhtml1/DTD/xhtml1-transitional.dtd">
<html xmlns="http://www.w3.org/1999/xhtml" xml:lang="en" lang="en">
 <head>
  <title>
</title>
<meta http-equiv="Content-Type" content="text/html;charset=utf-8" />
  <meta name='ocr-system' content='tesseract 3.04.00' />
  <meta name='ocr-capabilities' content='ocr_page ocr_carea ocr_par ocr_line ocrx_word'/>
</head>
<body>
  <div class='ocr_page' id='page_1' title='image "./thomhobbesmalme03molegoog_0480.png"; bbox 0 0 3182 5102; ppageno 0'>
   <div class='ocr_carea' id='block_1_1' title="bbox 731 452 1958 519">
    <p class='ocr_par' dir='ltr' id='par_1_1' title="bbox 731 452 1958 519">
     <span class='ocr_line' id='line_1_1' title="bbox 731 452 1958 519; baseline 0 -2"><span class='ocrx_word' id='word_1_1' title='bbox 731 452 875 518; x_wconf 88' lang='grc'><strong>316</strong></span> <span class='ocrx_word' id='word_1_2' title='bbox 1579 467 1958 519; x_wconf 76' lang='lat' dir='ltr'><strong>Panch.</strong></span> 
     </span>
    </p>
   </div>
   <div class='ocr_carea' id='block_1_2' title="bbox 338 632 2797 4360">
    <p class='ocr_par' dir='ltr' id='par_1_2' title="bbox 359 632 2793 753">
     <span class='ocr_line' id='line_1_2' title="bbox 359 632 2793 753; baseline -0.002 -46"><span class='ocrx_word' id='word_1_3' title='bbox 359 639 537 753; x_wconf 54' lang='grc' dir='ltr'><strong>ΡΛΒῖξ</strong></span> <span class='ocrx_word' id='word_1_4' title='bbox 561 639 651 689; x_wconf 78' lang='lat' dir='ltr'><strong>IV·</strong></span> <span class='ocrx_word' id='word_1_5' title='bbox 731 635 819 708; x_wconf 92' lang='lat' dir='ltr'><strong>In</strong></span> <span class='ocrx_word' id='word_1_6' title='bbox 854 658 1164 731; x_wconf 85' lang='lat' dir='ltr'><strong>quarum</strong></span> <span class='ocrx_word' id='word_1_7' title='bbox 1196 634 1464 731; x_wconf 89' lang='lat' dir='ltr'><strong>priore,</strong></span> <span class='ocrx_word' id='word_1_8' title='bbox 1517 635 2090 708; x_wconf 81' lang='lat' dir='ltr'><strong>ratiocinationis</strong></span> <span class='ocrx_word' id='word_1_9' title='bbox 2130 634 2488 731; x_wconf 88' lang='lat' dir='ltr'><strong>principia</strong></span> <span class='ocrx_word' id='word_1_10' title='bbox 2534 632 2793 727; x_wconf 88' lang='lat' dir='ltr'><strong>prima,</strong></span> 
     </span>
    </p>

    <p class='ocr_par' dir='ltr' id='par_1_3' title="bbox 377 736 2793 845">
     <span class='ocr_line' id='line_1_3' title="bbox 377 736 2793 845; baseline -0.001 -25"><span class='ocrx_word' id='word_1_11' title='bbox 377 736 641 845; x_wconf 46' lang='grc' dir='ltr'><strong>ῂ-Ὓέϋ</strong></span> <span class='ocrx_word' id='word_1_12' title='bbox 727 772 993 844; x_wconf 82' lang='lat' dir='ltr'>nempe</span> <span class='ocrx_word' id='word_1_13' title='bbox 1034 748 1516 836; x_wconf 51' lang='lat' dir='ltr'><strong>definitiones,</strong></span> <span class='ocrx_word' id='word_1_14' title='bbox 1557 772 1735 822; x_wconf 83' lang='lat' dir='ltr'><strong>vera</strong></span> <span class='ocrx_word' id='word_1_15' title='bbox 1777 772 1934 821; x_wconf 91' lang='lat' dir='ltr'><strong>esse</strong></span> <span class='ocrx_word' id='word_1_16' title='bbox 1966 748 2272 821; x_wconf 87' lang='lat' dir='ltr'><strong>facimus</strong></span> <span class='ocrx_word' id='word_1_17' title='bbox 2305 759 2592 820; x_wconf 90' lang='lat' dir='ltr'><strong>nosmet</strong></span> <span class='ocrx_word' id='word_1_18' title='bbox 2632 747 2793 841; x_wconf 90' lang='lat' dir='ltr'><strong>ipsi,</strong></span> 
     </span>
    </p>

    <p class='ocr_par' dir='ltr' id='par_1_4' title="bbox 340 836 2797 958">
     <span class='ocr_line' id='line_1_4' title="bbox 340 836 2797 958; baseline -0.002 -25"><span class='ocrx_word' id='word_1_19' title='bbox 340 836 673 949; x_wconf 50' lang='lat' dir='ltr'><strong>ssffssssfflm</strong></span> <span class='ocrx_word' id='word_1_20' title='bbox 728 886 861 958; x_wconf 92' lang='lat' dir='ltr'><strong>per</strong></span> <span class='ocrx_word' id='word_1_21' title='bbox 914 862 1467 935; x_wconf 84' lang='lat' dir='ltr'><strong>consensionem</strong></span> <span class='ocrx_word' id='word_1_22' title='bbox 1519 864 1716 936; x_wconf 90' lang='lat' dir='ltr'><strong>circa</strong></span> <span class='ocrx_word' id='word_1_23' title='bbox 1765 886 2012 935; x_wconf 86' lang='lat' dir='ltr'><strong>rerum</strong></span> <span class='ocrx_word' id='word_1_24' title='bbox 2060 861 2601 958; x_wconf 68' lang='lat' dir='ltr'><strong>appellationes</strong></span> <span class='ocrx_word' id='word_1_25' title='bbox 2700 860 2797 930; x_wconf 91' lang='lat' dir='ltr'><strong>Et</strong></span> 
     </span>
    </p>

    <p class='ocr_par' dir='ltr' id='par_1_5' title="bbox 338 967 2797 3656">
     <span class='ocr_line' id='line_1_5' title="bbox 338 967 2793 1072; baseline -0.001 -25"><span class='ocrx_word' id='word_1_26' title='bbox 338 967 590 1016; x_wconf 54' lang='lat' dir='ltr'><strong>“mmm-</strong></span> <span class='ocrx_word' id='word_1_27' title='bbox 728 976 921 1049; x_wconf 90' lang='lat' dir='ltr'><strong>hanc</strong></span> <span class='ocrx_word' id='word_1_28' title='bbox 980 976 1276 1072; x_wconf 91' lang='lat' dir='ltr'><strong>quidem</strong></span> <span class='ocrx_word' id='word_1_29' title='bbox 1340 988 1624 1071; x_wconf 86' lang='lat' dir='ltr'><strong>partem</strong></span> <span class='ocrx_word' id='word_1_30' title='bbox 1690 976 2009 1071; x_wconf 85' lang='lat' dir='ltr'><strong>priorem</strong></span> <span class='ocrx_word' id='word_1_31' title='bbox 2076 986 2423 1048; x_wconf 82' lang='lat' dir='ltr'><strong>executus</strong></span> <span class='ocrx_word' id='word_1_32' title='bbox 2489 996 2651 1045; x_wconf 91' lang='lat' dir='ltr'><strong>sum</strong></span> <span class='ocrx_word' id='word_1_33' title='bbox 2714 971 2793 1044; x_wconf 90' lang='lat' dir='ltr'><strong>in</strong></span> 
     </span>
     <span class='ocr_line' id='line_1_6' title="bbox 727 1085 2794 1184; baseline -0.002 -23"><span class='ocrx_word' id='word_1_34' title='bbox 727 1088 1344 1184; x_wconf 84' lang='lat' dir='ltr'><strong>praecedentibus;</strong></span> <span class='ocrx_word' id='word_1_35' title='bbox 1381 1088 1460 1161; x_wconf 93' lang='lat' dir='ltr'><strong>in</strong></span> <span class='ocrx_word' id='word_1_36' title='bbox 1495 1089 1780 1184; x_wconf 76' lang='lat' dir='ltr'><strong>quibuS,</strong></span> <span class='ocrx_word' id='word_1_37' title='bbox 1824 1089 1903 1161; x_wconf 91' lang='lat' dir='ltr'><strong>ni</strong></span> <span class='ocrx_word' id='word_1_38' title='bbox 1935 1088 2172 1178; x_wconf 87' lang='lat' dir='ltr'><strong>fallor,</strong></span> <span class='ocrx_word' id='word_1_39' title='bbox 2214 1087 2398 1160; x_wconf 86' lang='lat' dir='ltr'><strong>nihil</strong></span> <span class='ocrx_word' id='word_1_40' title='bbox 2417 1085 2794 1174; x_wconf 88' lang='lat' dir='ltr'><strong>affirmavi,</strong></span> 
     </span>
     <span class='ocr_line' id='line_1_7' title="bbox 727 1199 2796 1298; baseline -0.001 -25"><span class='ocrx_word' id='word_1_41' title='bbox 727 1212 996 1298; x_wconf 86' lang='lat' dir='ltr'><strong>praeter</strong></span> <span class='ocrx_word' id='word_1_42' title='bbox 1047 1201 1531 1292; x_wconf 81' lang='lat' dir='ltr'><strong>definitioneS,</strong></span> <span class='ocrx_word' id='word_1_43' title='bbox 1568 1202 1768 1298; x_wconf 93' lang='lat' dir='ltr'><strong>quod</strong></span> <span class='ocrx_word' id='word_1_44' title='bbox 1807 1227 1976 1275; x_wconf 92' lang='lat' dir='ltr'><strong>cum</strong></span> <span class='ocrx_word' id='word_1_45' title='bbox 2027 1201 2571 1275; x_wconf 87' lang='lat' dir='ltr'><strong>definitionibus</strong></span> <span class='ocrx_word' id='word_1_46' title='bbox 2619 1199 2796 1295; x_wconf 89' lang='lat' dir='ltr'><strong>ipsis</strong></span> 
     </span>
     <span class='ocr_line' id='line_1_8' title="bbox 729 1313 2797 1412; baseline 0 -26"><span class='ocrx_word' id='word_1_47' title='bbox 729 1339 878 1387; x_wconf 92' lang='lat' dir='ltr'><strong>non</strong></span> <span class='ocrx_word' id='word_1_48' title='bbox 926 1315 1116 1388; x_wconf 87' lang='lat' dir='ltr'><strong>bene</strong></span> <span class='ocrx_word' id='word_1_49' title='bbox 1168 1317 1558 1406; x_wconf 87' lang='lat' dir='ltr'><strong>cohaereat,</strong></span> <span class='ocrx_word' id='word_1_50' title='bbox 1594 1317 1673 1389; x_wconf 91' lang='lat' dir='ltr'><strong>id</strong></span> <span class='ocrx_word' id='word_1_51' title='bbox 1723 1328 1857 1406; x_wconf 92' lang='lat' dir='ltr'><strong>est,</strong></span> <span class='ocrx_word' id='word_1_52' title='bbox 1894 1316 2093 1412; x_wconf 92' lang='lat' dir='ltr'><strong>quod</strong></span> <span class='ocrx_word' id='word_1_53' title='bbox 2140 1316 2305 1404; x_wconf 82' lang='lat' dir='ltr'><strong>illis,</strong></span> <span class='ocrx_word' id='word_1_54' title='bbox 2342 1315 2468 1410; x_wconf 90' lang='lat' dir='ltr'><strong>qui</strong></span> <span class='ocrx_word' id='word_1_55' title='bbox 2517 1313 2607 1386; x_wconf 92' lang='lat' dir='ltr'><strong>de</strong></span> <span class='ocrx_word' id='word_1_56' title='bbox 2653 1337 2797 1386; x_wconf 89' lang='lat' dir='ltr'><strong>usu</strong></span> 
     </span>
     <span class='ocr_line' id='line_1_9' title="bbox 728 1428 2795 1524; baseline -0.001 -24"><span class='ocrx_word' id='word_1_57' title='bbox 728 1429 1248 1502; x_wconf 87' lang='lat' dir='ltr'><strong>vocabulorum</strong></span> <span class='ocrx_word' id='word_1_58' title='bbox 1324 1454 1614 1504; x_wconf 92' lang='lat' dir='ltr'><strong>mecum</strong></span> <span class='ocrx_word' id='word_1_59' title='bbox 1681 1430 2148 1503; x_wconf 91' lang='lat' dir='ltr'><strong>consentiunt</strong></span> <span class='ocrx_word' id='word_1_60' title='bbox 2222 1439 2298 1503; x_wconf 93' lang='lat' dir='ltr'><strong>et</strong></span> <span class='ocrx_word' id='word_1_61' title='bbox 2364 1428 2795 1524; x_wconf 87' lang='lat' dir='ltr'><strong>quibuscum</strong></span> 
     </span>
     <span class='ocr_line' id='line_1_10' title="bbox 730 1542 2790 1633; baseline -0 -20"><span class='ocrx_word' id='word_1_62' title='bbox 730 1542 908 1614; x_wconf 88' lang='lat' dir='ltr'><strong>mihi</strong></span> <span class='ocrx_word' id='word_1_63' title='bbox 961 1542 1132 1615; x_wconf 90' lang='lat' dir='ltr'><strong>solis</strong></span> <span class='ocrx_word' id='word_1_64' title='bbox 1197 1567 1314 1616; x_wconf 90' lang='lat' dir='ltr'><strong>res</strong></span> <span class='ocrx_word' id='word_1_65' title='bbox 1381 1554 1513 1633; x_wconf 86' lang='lat' dir='ltr'><strong>est,</strong></span> <span class='ocrx_word' id='word_1_66' title='bbox 1568 1568 1718 1618; x_wconf 92' lang='lat' dir='ltr'><strong>non</strong></span> <span class='ocrx_word' id='word_1_67' title='bbox 1787 1544 1883 1616; x_wconf 89' lang='lat' dir='ltr'><strong>sit</strong></span> <span class='ocrx_word' id='word_1_68' title='bbox 1947 1544 2124 1616; x_wconf 89' lang='lat' dir='ltr'><strong>satis</strong></span> <span class='ocrx_word' id='word_1_69' title='bbox 2192 1543 2790 1616; x_wconf 88' lang='lat' dir='ltr'><strong>demonstratum.</strong></span> 
     </span>
     <span class='ocr_line' id='line_1_11' title="bbox 731 1654 2794 1753; baseline -0.001 -26"><span class='ocrx_word' id='word_1_70' title='bbox 731 1655 1143 1753; x_wconf 86' lang='lat' dir='ltr'><strong>Aggredior</strong></span> <span class='ocrx_word' id='word_1_71' title='bbox 1168 1656 1322 1751; x_wconf 91' lang='lat' dir='ltr'><strong>jam</strong></span> <span class='ocrx_word' id='word_1_72' title='bbox 1355 1667 1641 1752; x_wconf 89' lang='lat' dir='ltr'><strong>partem</strong></span> <span class='ocrx_word' id='word_1_73' title='bbox 1681 1657 2009 1746; x_wconf 81' lang='lat' dir='ltr'><strong>alteram,</strong></span> <span class='ocrx_word' id='word_1_74' title='bbox 2039 1681 2085 1729; x_wconf 88' lang='lat' dir='ltr'><strong>a</strong></span> <span class='ocrx_word' id='word_1_75' title='bbox 2114 1655 2610 1752; x_wconf 86' lang='lat' dir='ltr'><strong>phaenomenis</strong></span> <span class='ocrx_word' id='word_1_76' title='bbox 2640 1654 2794 1726; x_wconf 84' lang='lat' dir='ltr'><strong>sive</strong></span> 
     </span>
     <span class='ocr_line' id='line_1_12' title="bbox 730 1766 2795 1867; baseline -0.001 -25"><span class='ocrx_word' id='word_1_77' title='bbox 730 1769 1111 1842; x_wconf 88' lang='lat' dir='ltr'><strong>effectibus</strong></span> <span class='ocrx_word' id='word_1_78' title='bbox 1170 1780 1454 1844; x_wconf 85' lang='lat' dir='ltr'><strong>naturae</strong></span> <span class='ocrx_word' id='word_1_79' title='bbox 1512 1771 1723 1845; x_wconf 92' lang='lat' dir='ltr'><strong>nobis</strong></span> <span class='ocrx_word' id='word_1_80' title='bbox 1787 1794 1920 1867; x_wconf 90' lang='lat' dir='ltr'><strong>per</strong></span> <span class='ocrx_word' id='word_1_81' title='bbox 1979 1794 2269 1844; x_wconf 90' lang='lat' dir='ltr'><strong>sensum</strong></span> <span class='ocrx_word' id='word_1_82' title='bbox 2322 1769 2631 1866; x_wconf 89' lang='lat' dir='ltr'><strong>cognitis</strong></span> <span class='ocrx_word' id='word_1_83' title='bbox 2696 1766 2795 1840; x_wconf 84' lang='lat' dir='ltr'><strong>ad</strong></span> 
     </span>
     <span class='ocr_line' id='line_1_13' title="bbox 730 1883 2793 1980; baseline -0.001 -25"><span class='ocrx_word' id='word_1_84' title='bbox 730 1883 1026 1963; x_wconf 90' lang='lat' dir='ltr'><strong>modum</strong></span> <span class='ocrx_word' id='word_1_85' title='bbox 1076 1883 1662 1980; x_wconf 87' lang='lat' dir='ltr'><strong>investigandum</strong></span> <span class='ocrx_word' id='word_1_86' title='bbox 1713 1884 2053 1979; x_wconf 80' lang='lat' dir='ltr'><strong>aliquem,</strong></span> <span class='ocrx_word' id='word_1_87' title='bbox 2098 1885 2311 1979; x_wconf 84' lang='lat' dir='ltr'><strong>juxta</strong></span> <span class='ocrx_word' id='word_1_88' title='bbox 2359 1905 2599 1978; x_wconf 89' lang='lat' dir='ltr'><strong>quem,</strong></span> <span class='ocrx_word' id='word_1_89' title='bbox 2640 1905 2793 1953; x_wconf 88' lang='lat' dir='ltr'><strong>non</strong></span> 
     </span>
     <span class='ocr_line' id='line_1_14' title="bbox 729 1995 2795 2095; baseline -0 -27"><span class='ocrx_word' id='word_1_90' title='bbox 729 1996 894 2070; x_wconf 83' lang='lat' dir='ltr'><strong>dico</strong></span> <span class='ocrx_word' id='word_1_91' title='bbox 929 2009 1284 2092; x_wconf 88' lang='lat' dir='ltr'><strong>generata</strong></span> <span class='ocrx_word' id='word_1_92' title='bbox 1316 2007 1510 2088; x_wconf 89' lang='lat' dir='ltr'><strong>sunt,</strong></span> <span class='ocrx_word' id='word_1_93' title='bbox 1547 1997 1678 2071; x_wconf 93' lang='lat' dir='ltr'><strong>sed</strong></span> <span class='ocrx_word' id='word_1_94' title='bbox 1709 1997 2049 2095; x_wconf 89' lang='lat' dir='ltr'><strong>generari</strong></span> <span class='ocrx_word' id='word_1_95' title='bbox 2081 2009 2501 2094; x_wconf 89' lang='lat' dir='ltr'><strong>potuerunt.</strong></span> <span class='ocrx_word' id='word_1_96' title='bbox 2588 1995 2795 2067; x_wconf 89' lang='lat' dir='ltr'><strong>Prin-</strong></span> 
     </span>
     <span class='ocr_line' id='line_1_15' title="bbox 730 2111 2795 2208; baseline -0.002 -25"><span class='ocrx_word' id='word_1_97' title='bbox 730 2112 920 2207; x_wconf 89' lang='lat' dir='ltr'><strong>cipia</strong></span> <span class='ocrx_word' id='word_1_98' title='bbox 986 2111 1232 2207; x_wconf 89' lang='lat' dir='ltr'><strong>igitur,</strong></span> <span class='ocrx_word' id='word_1_99' title='bbox 1292 2111 1490 2183; x_wconf 92' lang='lat' dir='ltr'><strong>unde</strong></span> <span class='ocrx_word' id='word_1_100' title='bbox 1547 2112 1876 2208; x_wconf 91' lang='lat' dir='ltr'><strong>pendent</strong></span> <span class='ocrx_word' id='word_1_101' title='bbox 1936 2136 2099 2208; x_wconf 87' lang='lat' dir='ltr'><strong>quae</strong></span> <span class='ocrx_word' id='word_1_102' title='bbox 2158 2122 2585 2207; x_wconf 90' lang='lat' dir='ltr'><strong>sequuntur,</strong></span> <span class='ocrx_word' id='word_1_103' title='bbox 2638 2130 2795 2180; x_wconf 88' lang='lat' dir='ltr'><strong>non</strong></span> 
     </span>
     <span class='ocr_line' id='line_1_16' title="bbox 725 2223 2795 2321; baseline -0.002 -24"><span class='ocrx_word' id='word_1_104' title='bbox 725 2224 1034 2297; x_wconf 86' lang='lat' dir='ltr'><strong>facimus</strong></span> <span class='ocrx_word' id='word_1_105' title='bbox 1082 2248 1241 2312; x_wconf 77' lang='lat' dir='ltr'><strong>noS‚</strong></span> <span class='ocrx_word' id='word_1_106' title='bbox 1297 2248 1436 2297; x_wconf 91' lang='lat' dir='ltr'><strong>nec</strong></span> <span class='ocrx_word' id='word_1_107' title='bbox 1494 2226 2066 2321; x_wconf 86' lang='lat' dir='ltr'><strong>pronunciamus</strong></span> <span class='ocrx_word' id='word_1_108' title='bbox 2122 2223 2655 2310; x_wconf 84' lang='lat' dir='ltr'><strong>universaliter,</strong></span> <span class='ocrx_word' id='word_1_109' title='bbox 2710 2232 2795 2293; x_wconf 92' lang='lat' dir='ltr'><strong>ut</strong></span> 
     </span>
     <span class='ocr_line' id='line_1_17' title="bbox 728 2335 2795 2433; baseline -0.002 -23"><span class='ocrx_word' id='word_1_110' title='bbox 728 2337 1211 2425; x_wconf 74' lang='lat' dir='ltr'><strong>definitione3‚</strong></span> <span class='ocrx_word' id='word_1_111' title='bbox 1246 2337 1377 2411; x_wconf 87' lang='lat' dir='ltr'><strong>sed</strong></span> <span class='ocrx_word' id='word_1_112' title='bbox 1411 2362 1457 2410; x_wconf 89' lang='lat' dir='ltr'><strong>a</strong></span> <span class='ocrx_word' id='word_1_113' title='bbox 1489 2350 1775 2412; x_wconf 84' lang='lat' dir='ltr'><strong>naturae</strong></span> <span class='ocrx_word' id='word_1_114' title='bbox 1828 2337 2209 2410; x_wconf 90' lang='lat' dir='ltr'><strong>conditore</strong></span> <span class='ocrx_word' id='word_1_115' title='bbox 2260 2338 2336 2411; x_wconf 91' lang='lat' dir='ltr'><strong>in</strong></span> <span class='ocrx_word' id='word_1_116' title='bbox 2369 2336 2543 2433; x_wconf 90' lang='lat' dir='ltr'><strong>ipsis</strong></span> <span class='ocrx_word' id='word_1_117' title='bbox 2576 2335 2795 2407; x_wconf 91' lang='lat' dir='ltr'><strong>rebus</strong></span> 
     </span>
     <span class='ocr_line' id='line_1_18' title="bbox 724 2447 2796 2548; baseline -0.002 -24"><span class='ocrx_word' id='word_1_118' title='bbox 724 2452 964 2548; x_wconf 87' lang='lat' dir='ltr'><strong>posita</strong></span> <span class='ocrx_word' id='word_1_119' title='bbox 996 2451 1466 2524; x_wconf 86' lang='lat' dir='ltr'><strong>observamus</strong></span> <span class='ocrx_word' id='word_1_120' title='bbox 1498 2483 1517 2535; x_wconf 91' lang='lat'>;</span> <span class='ocrx_word' id='word_1_121' title='bbox 1572 2475 1711 2524; x_wconf 91' lang='lat' dir='ltr'><strong>nec</strong></span> <span class='ocrx_word' id='word_1_122' title='bbox 1762 2450 2270 2523; x_wconf 84' lang='lat' dir='ltr'><strong>universaliter</strong></span> <span class='ocrx_word' id='word_1_123' title='bbox 2299 2448 2628 2546; x_wconf 79' lang='lat' dir='ltr'><strong>prolatiS‚</strong></span> <span class='ocrx_word' id='word_1_124' title='bbox 2662 2447 2796 2521; x_wconf 91' lang='lat' dir='ltr'><strong>sed</strong></span> 
     </span>
     <span class='ocr_line' id='line_1_19' title="bbox 726 2563 2796 2662; baseline -0.002 -23"><span class='ocrx_word' id='word_1_125' title='bbox 726 2564 1032 2662; x_wconf 86' lang='lat' dir='ltr'><strong>singulis</strong></span> <span class='ocrx_word' id='word_1_126' title='bbox 1065 2565 1367 2637; x_wconf 89' lang='lat' dir='ltr'><strong>utimur.</strong></span> <span class='ocrx_word' id='word_1_127' title='bbox 1475 2565 1730 2660; x_wconf 90' lang='lat' dir='ltr'><strong>Neque</strong></span> <span class='ocrx_word' id='word_1_128' title='bbox 1781 2565 2291 2637; x_wconf 90' lang='lat' dir='ltr'><strong>necessitatem</strong></span> <span class='ocrx_word' id='word_1_129' title='bbox 2323 2564 2481 2636; x_wconf 84' lang='lat' dir='ltr'><strong>haec</strong></span> <span class='ocrx_word' id='word_1_130' title='bbox 2513 2563 2796 2635; x_wconf 89' lang='lat' dir='ltr'><strong>faciunt</strong></span> 
     </span>
     <span class='ocr_line' id='line_1_20' title="bbox 723 2677 2794 2775; baseline -0.001 -24"><span class='ocrx_word' id='word_1_131' title='bbox 723 2678 1218 2767; x_wconf 56' lang='lat' dir='ltr'><strong>theorematis„</strong></span> <span class='ocrx_word' id='word_1_132' title='bbox 1300 2678 1431 2751; x_wconf 89' lang='lat' dir='ltr'><strong>sed</strong></span> <span class='ocrx_word' id='word_1_133' title='bbox 1504 2690 1816 2767; x_wconf 88' lang='lat' dir='ltr'><strong>tantum,</strong></span> <span class='ocrx_word' id='word_1_134' title='bbox 1893 2702 2040 2751; x_wconf 92' lang='lat' dir='ltr'><strong>non</strong></span> <span class='ocrx_word' id='word_1_135' title='bbox 2116 2679 2391 2775; x_wconf 89' lang='lat' dir='ltr'><strong>absque</strong></span> <span class='ocrx_word' id='word_1_136' title='bbox 2465 2677 2794 2773; x_wconf 88' lang='lat' dir='ltr'><strong>proposi-</strong></span> 
     </span>
     <span class='ocr_line' id='line_1_21' title="bbox 725 2790 2792 2888; baseline -0 -24"><span class='ocrx_word' id='word_1_137' title='bbox 725 2792 1048 2864; x_wconf 84' lang='lat' dir='ltr'><strong>tionibus</strong></span> <span class='ocrx_word' id='word_1_138' title='bbox 1089 2790 1622 2864; x_wconf 81' lang='lat' dir='ltr'><strong>universalibus</strong></span> <span class='ocrx_word' id='word_1_139' title='bbox 1656 2815 1877 2887; x_wconf 87' lang='lat' dir='ltr'><strong>supra</strong></span> <span class='ocrx_word' id='word_1_140' title='bbox 1909 2791 2455 2881; x_wconf 89' lang='lat' dir='ltr'><strong>demonstratis,</strong></span> <span class='ocrx_word' id='word_1_141' title='bbox 2487 2814 2792 2888; x_wconf 89' lang='lat' dir='ltr'><strong>genera-</strong></span> 
     </span>
     <span class='ocr_line' id='line_1_22' title="bbox 725 2904 2792 3002; baseline 0 -25"><span class='ocrx_word' id='word_1_142' title='bbox 725 2904 948 2978; x_wconf 91' lang='lat' dir='ltr'><strong>tionis</strong></span> <span class='ocrx_word' id='word_1_143' title='bbox 1017 2904 1323 3000; x_wconf 88' lang='lat' dir='ltr'><strong>alicujus</strong></span> <span class='ocrx_word' id='word_1_144' title='bbox 1392 2905 1793 2978; x_wconf 88' lang='lat' dir='ltr'><strong>ostendunt</strong></span> <span class='ocrx_word' id='word_1_145' title='bbox 1850 2905 2428 3002; x_wconf 89' lang='lat' dir='ltr'><strong>possibilitatem.</strong></span> <span class='ocrx_word' id='word_1_146' title='bbox 2550 2906 2792 3000; x_wconf 91' lang='lat' dir='ltr'><strong>Atque</strong></span> 
     </span>
     <span class='ocr_line' id='line_1_23' title="bbox 723 3016 2795 3116; baseline 0.001 -27"><span class='ocrx_word' id='word_1_147' title='bbox 723 3016 896 3089; x_wconf 91' lang='lat' dir='ltr'><strong>huic</strong></span> <span class='ocrx_word' id='word_1_148' title='bbox 916 3018 1133 3113; x_wconf 88' lang='lat' dir='ltr'><strong>parti,</strong></span> <span class='ocrx_word' id='word_1_149' title='bbox 1170 3018 1343 3113; x_wconf 91' lang='lat' dir='ltr'><strong>quia</strong></span> <span class='ocrx_word' id='word_1_150' title='bbox 1363 3018 1712 3114; x_wconf 86' lang='lat' dir='ltr'><strong>cognitio,</strong></span> <span class='ocrx_word' id='word_1_151' title='bbox 1742 3043 1905 3116; x_wconf 87' lang='lat' dir='ltr'><strong>quae</strong></span> <span class='ocrx_word' id='word_1_152' title='bbox 1925 3018 2048 3092; x_wconf 90' lang='lat' dir='ltr'><strong>hic</strong></span> <span class='ocrx_word' id='word_1_153' title='bbox 2069 3018 2409 3108; x_wconf 86' lang='lat' dir='ltr'><strong>traditur,</strong></span> <span class='ocrx_word' id='word_1_154' title='bbox 2435 3019 2795 3115; x_wconf 88' lang='lat' dir='ltr'><strong>principia</strong></span> 
     </span>
     <span class='ocr_line' id='line_1_24' title="bbox 723 3131 2796 3228; baseline 0 -25"><span class='ocrx_word' id='word_1_155' title='bbox 723 3131 945 3203; x_wconf 91' lang='lat' dir='ltr'><strong>habet</strong></span> <span class='ocrx_word' id='word_1_156' title='bbox 978 3131 1056 3203; x_wconf 88' lang='lat' dir='ltr'><strong>in</strong></span> <span class='ocrx_word' id='word_1_157' title='bbox 1107 3142 1392 3205; x_wconf 86' lang='lat' dir='ltr'><strong>naturae</strong></span> <span class='ocrx_word' id='word_1_158' title='bbox 1441 3132 1947 3228; x_wconf 87' lang='lat' dir='ltr'><strong>phaenomenis</strong></span> <span class='ocrx_word' id='word_1_159' title='bbox 1987 3142 2063 3206; x_wconf 92' lang='lat' dir='ltr'><strong>et</strong></span> <span class='ocrx_word' id='word_1_160' title='bbox 2103 3132 2374 3205; x_wconf 90' lang='lat' dir='ltr'><strong>desinit</strong></span> <span class='ocrx_word' id='word_1_161' title='bbox 2421 3132 2500 3204; x_wconf 92' lang='lat' dir='ltr'><strong>in</strong></span> <span class='ocrx_word' id='word_1_162' title='bbox 2551 3132 2796 3227; x_wconf 88' lang='lat' dir='ltr'><strong>aliqua</strong></span> 
     </span>
     <span class='ocr_line' id='line_1_25' title="bbox 727 3244 2790 3341; baseline 0 -24"><span class='ocrx_word' id='word_1_163' title='bbox 727 3244 1036 3317; x_wconf 88' lang='lat' dir='ltr'><strong>scientia</strong></span> <span class='ocrx_word' id='word_1_164' title='bbox 1068 3269 1453 3319; x_wconf 85' lang='lat' dir='ltr'><strong>causarum</strong></span> <span class='ocrx_word' id='word_1_165' title='bbox 1486 3246 1952 3336; x_wconf 84' lang='lat' dir='ltr'><strong>naturalium,</strong></span> <span class='ocrx_word' id='word_1_166' title='bbox 1987 3245 2325 3341; x_wconf 87' lang='lat' dir='ltr'><strong>inscripsi</strong></span> <span class='ocrx_word' id='word_1_167' title='bbox 2358 3245 2790 3318; x_wconf 76' lang='lat' dir='ltr'><strong>PanchM</strong></span> 
     </span>
     <span class='ocr_line' id='line_1_26' title="bbox 726 3357 2793 3455; baseline 0 -25"><span class='ocrx_word' id='word_1_168' title='bbox 726 3357 879 3430; x_wconf 87' lang='lat' dir='ltr'><strong>sive</strong></span> <span class='ocrx_word' id='word_1_169' title='bbox 914 3357 1009 3430; x_wconf 81' lang='lat' dir='ltr'><strong>de</strong></span> <span class='ocrx_word' id='word_1_170' title='bbox 1042 3368 1335 3430; x_wconf 66' lang='grc' dir='ltr'><strong>παίωνα»</strong></span> <span class='ocrx_word' id='word_1_171' title='bbox 1376 3358 1905 3455; x_wconf 71' lang='lat' dir='ltr'><strong>phoenomenis.</strong></span> <span class='ocrx_word' id='word_1_172' title='bbox 2011 3359 2497 3432; x_wconf 82' lang='lat' dir='ltr'><strong>Phaenomena</strong></span> <span class='ocrx_word' id='word_1_173' title='bbox 2544 3369 2793 3432; x_wconf 87' lang='lat' dir='ltr'><strong>autem</strong></span> 
     </span>
     <span class='ocr_line' id='line_1_27' title="bbox 726 3470 2797 3569; baseline 0.001 -27"><span class='ocrx_word' id='word_1_174' title='bbox 726 3470 1189 3566; x_wconf 87' lang='lat' dir='ltr'><strong>appellantur</strong></span> <span class='ocrx_word' id='word_1_175' title='bbox 1256 3494 1712 3569; x_wconf 87' lang='lat' dir='ltr'><strong>quaecunque</strong></span> <span class='ocrx_word' id='word_1_176' title='bbox 1781 3482 2138 3568; x_wconf 90' lang='lat' dir='ltr'><strong>apparent</strong></span> <span class='ocrx_word' id='word_1_177' title='bbox 2204 3471 2355 3545; x_wconf 86' lang='lat' dir='ltr'><strong>sive</strong></span> <span class='ocrx_word' id='word_1_178' title='bbox 2420 3495 2467 3544; x_wconf 90' lang='lat' dir='ltr'><strong>a</strong></span> <span class='ocrx_word' id='word_1_179' title='bbox 2531 3483 2797 3556; x_wconf 80' lang='lat' dir='ltr'><strong>natura</strong></span> 
     </span>
     <span class='ocr_line' id='line_1_28' title="bbox 725 3583 1489 3656; baseline 0 0"><span class='ocrx_word' id='word_1_180' title='bbox 725 3583 937 3656; x_wconf 89' lang='lat' dir='ltr'><strong>nobis</strong></span> <span class='ocrx_word' id='word_1_181' title='bbox 965 3594 1140 3656; x_wconf 93' lang='lat' dir='ltr'><strong>sunt</strong></span> <span class='ocrx_word' id='word_1_182' title='bbox 1173 3595 1489 3656; x_wconf 87' lang='lat' dir='ltr'><strong>ostensa.</strong></span> 
     </span>
    </p>

    <p class='ocr_par' dir='ltr' id='par_1_6' title="bbox 720 3697 2797 4360">
     <span class='ocr_line' id='line_1_29' title="bbox 826 3697 2797 3794; baseline 0.001 -25"><span class='ocrx_word' id='word_1_183' title='bbox 826 3697 1371 3769; x_wconf 63' lang='lat' dir='ltr'><strong>Phaenomenffin</strong></span> <span class='ocrx_word' id='word_1_184' title='bbox 1429 3707 1674 3770; x_wconf 90' lang='lat' dir='ltr'><strong>autem</strong></span> <span class='ocrx_word' id='word_1_185' title='bbox 1742 3697 2091 3786; x_wconf 90' lang='lat' dir='ltr'><strong>omnium,</strong></span> <span class='ocrx_word' id='word_1_186' title='bbox 2149 3721 2313 3794; x_wconf 85' lang='lat' dir='ltr'><strong>quae</strong></span> <span class='ocrx_word' id='word_1_187' title='bbox 2365 3722 2592 3794; x_wconf 89' lang='lat' dir='ltr'><strong>prope</strong></span> <span class='ocrx_word' id='word_1_188' title='bbox 2656 3723 2797 3771; x_wconf 91' lang='lat' dir='ltr'><strong>nos</strong></span> 
     </span>
     <span class='ocr_line' id='line_1_30' title="bbox 725 3809 2791 3905; baseline 0.001 -23"><span class='ocrx_word' id='word_1_189' title='bbox 725 3809 1070 3898; x_wconf 80' lang='lat' dir='ltr'><strong>existunt,</strong></span> <span class='ocrx_word' id='word_1_190' title='bbox 1093 3809 1171 3882; x_wconf 91' lang='lat' dir='ltr'><strong>id</strong></span> <span class='ocrx_word' id='word_1_191' title='bbox 1191 3809 1429 3905; x_wconf 90' lang='lat' dir='ltr'><strong>ipsum</strong></span> <span class='ocrx_word' id='word_1_192' title='bbox 1464 3811 1539 3880; x_wconf 76' lang='grc' dir='ltr'><strong>τὸ</strong></span> <span class='ocrx_word' id='word_1_193' title='bbox 1562 3810 1881 3903; x_wconf 64' lang='grc' dir='ltr'>φαίνεσθαι</span> <span class='ocrx_word' id='word_1_194' title='bbox 1916 3821 2029 3883; x_wconf 93' lang='lat' dir='ltr'><strong>est</strong></span> <span class='ocrx_word' id='word_1_195' title='bbox 2055 3809 2791 3901; x_wconf 89' lang='lat' dir='ltr'><strong>admirabilissimum,</strong></span> 
     </span>
     <span class='ocr_line' id='line_1_31' title="bbox 725 3922 2792 4018; baseline 0 -23"><span class='ocrx_word' id='word_1_196' title='bbox 725 3923 1091 4011; x_wconf 88' lang='lat' dir='ltr'><strong>nimirum,</strong></span> <span class='ocrx_word' id='word_1_197' title='bbox 1145 3922 1223 3995; x_wconf 90' lang='lat' dir='ltr'><strong>in</strong></span> <span class='ocrx_word' id='word_1_198' title='bbox 1275 3923 1702 4018; x_wconf 87' lang='lat' dir='ltr'><strong>corporibus</strong></span> <span class='ocrx_word' id='word_1_199' title='bbox 1761 3924 2211 3997; x_wconf 89' lang='lat' dir='ltr'><strong>naturalibus</strong></span> <span class='ocrx_word' id='word_1_200' title='bbox 2266 3925 2411 3997; x_wconf 87' lang='lat' dir='ltr'><strong>alia</strong></span> <span class='ocrx_word' id='word_1_201' title='bbox 2466 3925 2792 3997; x_wconf 89' lang='lat' dir='ltr'><strong>omnium</strong></span> 
     </span>
     <span class='ocr_line' id='line_1_32' title="bbox 723 4035 2796 4133; baseline 0.001 -25"><span class='ocrx_word' id='word_1_202' title='bbox 723 4035 876 4108; x_wconf 85' lang='lat' dir='ltr'><strong>fere</strong></span> <span class='ocrx_word' id='word_1_203' title='bbox 945 4059 1213 4125; x_wconf 91' lang='lat' dir='ltr'><strong>rerum,</strong></span> <span class='ocrx_word' id='word_1_204' title='bbox 1267 4036 1410 4109; x_wconf 90' lang='lat' dir='ltr'><strong>alia</strong></span> <span class='ocrx_word' id='word_1_205' title='bbox 1468 4036 1835 4108; x_wconf 89' lang='lat' dir='ltr'><strong>nullarum</strong></span> <span class='ocrx_word' id='word_1_206' title='bbox 1888 4036 1966 4108; x_wconf 91' lang='lat' dir='ltr'><strong>in</strong></span> <span class='ocrx_word' id='word_1_207' title='bbox 2033 4036 2287 4132; x_wconf 90' lang='lat' dir='ltr'><strong>seipsis</strong></span> <span class='ocrx_word' id='word_1_208' title='bbox 2349 4037 2796 4133; x_wconf 82' lang='lat' dir='ltr'><strong>exemplaria</strong></span> 
     </span>
     <span class='ocr_line' id='line_1_33' title="bbox 720 4148 2794 4246; baseline 0 -25"><span class='ocrx_word' id='word_1_209' title='bbox 720 4148 1036 4233; x_wconf 89' lang='lat' dir='ltr'><strong>habere;</strong></span> <span class='ocrx_word' id='word_1_210' title='bbox 1090 4148 1275 4222; x_wconf 91' lang='lat' dir='ltr'><strong>adeo</strong></span> <span class='ocrx_word' id='word_1_211' title='bbox 1308 4162 1394 4222; x_wconf 95' lang='lat' dir='ltr'><strong>ut</strong></span> <span class='ocrx_word' id='word_1_212' title='bbox 1429 4149 1489 4222; x_wconf 91' lang='lat' dir='ltr'><strong>si</strong></span> <span class='ocrx_word' id='word_1_213' title='bbox 1532 4150 2015 4245; x_wconf 87' lang='lat' dir='ltr'><strong>phaenomena</strong></span> <span class='ocrx_word' id='word_1_214' title='bbox 2045 4150 2410 4246; x_wconf 89' lang='lat' dir='ltr'><strong>principia</strong></span> <span class='ocrx_word' id='word_1_215' title='bbox 2436 4150 2584 4223; x_wconf 87' lang='lat' dir='ltr'><strong>sint</strong></span> <span class='ocrx_word' id='word_1_216' title='bbox 2618 4174 2794 4245; x_wconf 89' lang='lat' dir='ltr'><strong>cog-</strong></span> 
     </span>
     <span class='ocr_line' id='line_1_34' title="bbox 722 4261 2794 4360; baseline 0 -27"><span class='ocrx_word' id='word_1_217' title='bbox 722 4261 1068 4334; x_wconf 87' lang='lat' dir='ltr'><strong>noscendi</strong></span> <span class='ocrx_word' id='word_1_218' title='bbox 1104 4275 1394 4351; x_wconf 74' lang='lat' dir='ltr'><strong>caetera,</strong></span> <span class='ocrx_word' id='word_1_219' title='bbox 1432 4263 1842 4335; x_wconf 86' lang='lat' dir='ltr'><strong>sensionem</strong></span> <span class='ocrx_word' id='word_1_220' title='bbox 1880 4262 2367 4360; x_wconf 79' lang='lat' dir='ltr'><strong>cog-noscendi</strong></span> <span class='ocrx_word' id='word_1_221' title='bbox 2401 4265 2559 4359; x_wconf 89' lang='lat' dir='ltr'><strong>ipsa</strong></span> <span class='ocrx_word' id='word_1_222' title='bbox 2598 4263 2794 4359; x_wconf 90' lang='lat' dir='ltr'><strong>prin-</strong></span> 
     </span>
    </p>
   </div>
   <div class='ocr_carea' id='block_1_3' title="bbox 723 4374 2795 4472">
    <p class='ocr_par' dir='ltr' id='par_1_7' title="bbox 723 4374 2795 4472">
     <span class='ocr_line' id='line_1_35' title="bbox 723 4374 2795 4472; baseline 0.003 -28"><span class='ocrx_word' id='word_1_223' title='bbox 723 4374 913 4468; x_wconf 88' lang='lat' dir='ltr'><strong>cipia</strong></span> <span class='ocrx_word' id='word_1_224' title='bbox 961 4376 1399 4471; x_wconf 87' lang='lat' dir='ltr'><strong>principium</strong></span> <span class='ocrx_word' id='word_1_225' title='bbox 1452 4400 1634 4466; x_wconf 88' lang='lat' dir='ltr'><strong>esse,</strong></span> <span class='ocrx_word' id='word_1_226' title='bbox 1671 4376 2194 4472; x_wconf 88' lang='lat' dir='ltr'><strong>scientiamque</strong></span> <span class='ocrx_word' id='word_1_227' title='bbox 2236 4401 2526 4452; x_wconf 91' lang='lat' dir='ltr'><strong>omnem</strong></span> <span class='ocrx_word' id='word_1_228' title='bbox 2578 4378 2670 4449; x_wconf 93' lang='lat' dir='ltr'><strong>ab</strong></span> <span class='ocrx_word' id='word_1_229' title='bbox 2706 4400 2795 4450; x_wconf 86' lang='lat' dir='ltr'><strong>ea</strong></span> 
     </span>
    </p>
   </div>
  </div>
 </body>
</html>
