3182 5102
1043 924 1251 1021 AD
1361 925 2220 1026 LECTOREM

1273 1290 1988 1368 PRAELOQUIUM.

1432 1693 1819 1717 ΙΙ

555 2074 922 2152 Vmoamu,
985 2074 1214 2140 virtute
1270 2075 1680 2164 doctrinaque
1735 2076 2090 2155 illustrium,
2162 2077 2508 2143 institutam
2564 2078 2711 2143 vitae

554 2214 864 2277 rationem
923 2213 1182 2298 posteris
1239 2214 1644 2292 innotescere,
1705 2214 1796 2278 rei
1845 2214 2139 2279 literariae
2205 2230 2393 2302 atque
2441 2214 2710 2301 publicae

554 2346 899 2434 plurimum
946 2348 1220 2413 interest.
1312 2348 1526 2423 Quare
1556 2349 1790 2434 optime
1819 2348 1898 2413 de
1927 2348 2201 2414 humano
2245 2372 2474 2437 genere
2501 2373 2709 2416 meru-

558 2484 677 2550 isse
705 2485 997 2551 censendi
1036 2500 1200 2565 sunt,
1251 2485 1359 2574 qui
1389 2488 1795 2575 antiquorum
1823 2487 1978 2551 vitas
2007 2487 2248 2574 scriptis
2278 2488 2708 2570 tradiderunt3

558 2645 748 2710 quam
805 2623 1061 2711 quidem
1117 2625 1499 2710 provinciam
1557 2626 1780 2690 obiisse
1836 2639 2073 2689 veteres
2126 2623 2235 2703 illi,
2295 2626 2516 2711 majori
2566 2647 2710 2690 cum

559 2758 835 2822 veritatis
863 2759 1068 2824 studio
1097 2775 1161 2824 et
1188 2760 1313 2825 fide
1343 2759 1618 2837 meliore,
1669 2783 1857 2847 quam
1887 2761 1951 2823 in
1983 2760 2386 2825 contexendis
2424 2761 2707 2826 divorum

557 2893 830 2959 historiis
879 2895 1206 2981 scriptores
1256 2895 1665 2972 ecclesiastici,
1725 2895 1893 2960 haud
1941 2897 2168 2983 iniquis
2205 2919 2415 2961 rerum
2463 2897 2713 2962 arbitris

549 3029 699 3113 jure
750 3029 1095 3096 videantur.
1190 3030 1542 3097 Multifaria
1602 3053 1786 3117 porro
1844 3032 2214 3117 scriptorum
2273 3034 2459 3098 turba
2521 3036 2543 3118 (
2551 3034 2712 3097 inter

562 3187 720 3251 quos
789 3165 1078 3230 nonnulli
1136 3168 1281 3232 satis
1340 3168 1629 3249 feliciter)
1707 3168 2064 3233 recentioris
2130 3168 2246 3231 aevi
2318 3167 2708 3233 literatorum

562 3302 928 3366 memoriam
956 3304 1300 3388 posteritati
1333 3302 1806 3368 commendavit.

656 3571 829 3637 Inter
857 3595 1099 3638 summa
1125 3588 1335 3638 autem
1365 3575 1762 3639 scientiarum
1793 3574 2030 3638 lumina
2058 3588 2122 3638 et
2149 3586 2532 3649 ornamenta,
2569 3593 2713 3658 quae

563 3706 863 3772 saeculum
912 3709 1030 3773 hoc
1079 3731 1448 3795 magnorum
1501 3709 1897 3796 ingeniorum
1944 3709 2385 3774 feracissimum
2414 3709 2479 3772 in
2507 3707 2710 3771 lucem

561 3844 844 3931 protulit,
903 3844 1312 3909 clarissimum
1373 3845 1629 3909 emicuit
1688 3845 2008 3932 ingenium
2082 3845 2359 3910 Tuom:
2433 3842 2711 3908 Honnns

566 3977 1168 4056 Malmesburiensis‚
1228 3980 1346 4042 viri
1399 4002 1586 4066 supra
1636 4002 2029 4045 communem
2078 3979 2434 4045 mortalium
2483 3993 2710 4043 sortem

564 4114 918 4201 longissime
948 4116 1164 4192 evecti,
1198 4116 1262 4179 in
1299 4137 1423 4202 quo
1449 4129 1674 4181 natura
1703 4138 1924 4202 parens
1953 4114 2236 4181 nondum
2263 4115 2473 4181 effoeta
2499 4115 2711 4181 eximii

567 4250 887 4336 cujusdam
915 4253 1100 4317 nixus
1128 4253 1442 4339 specimen
1472 4266 1782 4318 ostentare
1810 4252 2098 4318 decrevit.
