3182 5102
833 443 980 509 220
1324 460 1430 511 m:
1471 460 1985 515 numianus
2023 462 2413 517 mortum.

482 628 657 680 PARS
683 631 785 682 111·
833 624 899 697 D
921 626 982 698 E
1006 626 1067 699 Β
1090 626 1171 717 C,
1221 629 1282 701 E
1305 629 1374 701 K
1398 630 1459 703 Β
1481 631 1560 721 F,
1616 643 1701 703 ut
1722 630 2404 728 parallelogramma
2435 632 2503 704 A
2524 630 2608 719 C,
2643 630 2681 703 Ῑ
2709 631 2788 721 F,
2822 628 2893 702 id

596 698 671 749 17.

503 766 751 803 »Ὗ-ι
832 749 968 827 est,
1004 738 1080 812 in
1120 740 1409 814 ratione
1458 743 1870 839 composita
1917 744 2391 817 altitudinum
2441 756 2518 817 et
2568 743 2891 824 basium3

409 832 681 885 Translatio

407 901 750 962 proprietatum
835 851 1181 947 quoniam
1246 868 1423 951 ergo
1482 855 1799 929 altitudo
1861 858 1924 929 B
1947 858 2006 930 C
2065 858 2160 931 ad
2226 856 2692 931 altitudinem
2760 857 2821 929 Β
2840 857 2892 929 F

406 967 807 1027 quuund2m‚020
828 964 1133 1059 ponitur
1165 990 1323 1039 esse
1357 967 1434 1040 in
1469 968 1757 1042 ratione
1789 968 2075 1042 basium
2110 970 2176 1043 D
2201 970 2282 1059 C,
2326 972 2383 1044 F
2406 971 2466 1042 E
2502 969 2889 1065 triplicata,

830 1076 973 1150 erit
1003 1078 1242 1174 figura
1275 1080 1507 1154 DEB
1536 1081 1598 1155 C
1643 1082 1739 1155 ad
1770 1082 2085 1178 figuram
2124 1085 2185 1156 E
2218 1083 2449 1156 KBF
2493 1082 2571 1154 in
2605 1082 2891 1155 ratione

828 1190 897 1262 D
920 1190 979 1263 C
1012 1190 1109 1264 ad
1141 1194 1197 1265 F
1216 1194 1277 1265 E
1314 1193 1894 1291 quadruplicata.
1997 1196 2270 1269 Eadem
2303 1195 2651 1268 methodo
2689 1195 2890 1268 inve-

825 1302 970 1376 niri
1023 1315 1271 1400 potest
1331 1308 1522 1381 ratio
1576 1307 1965 1403 cujuslibet
2017 1333 2109 1382 ex
2157 1308 2468 1383 trilineis
2516 1307 2888 1404 praedictis

824 1416 921 1490 ad
939 1430 1228 1513 partem
1247 1421 1576 1515 ejusdem
1597 1445 2108 1519 quamcunque
2128 1420 2524 1495 abscissam
2543 1445 2589 1494 a
2610 1422 2889 1494 vertice

822 1542 1029 1604 recta
1059 1531 1218 1605 basi
1249 1534 1618 1629 parallela.

917 1645 963 1717 J
966 1669 1086 1717 am
1137 1646 1330 1719 sicut
1372 1648 1632 1744 figurae
1666 1647 1884 1721 dictae
1931 1647 2321 1744 descriptae
2371 1646 2887 1742 intelliguntur

819 1780 909 1830 ex
963 1757 1161 1848 base,
1208 1771 1389 1855 puta
1441 1761 1500 1833 C
1521 1761 1613 1849 D,
1668 1760 2139 1834 decrescente
2188 1761 2423 1833 donec
2471 1759 2763 1832 desinat
2808 1759 2885 1830 in

815 1882 1118 1966 puncto,
1146 1884 1232 1944 ut
1266 1871 1342 1946 in
1378 1873 1464 1963 Β,
1486 1874 1593 1947 ita
1620 1873 1841 1946 etiam
1867 1872 2253 1969 descriptae
2274 1872 2548 1946 eaedem
2568 1870 2880 1967 intelligi

813 1996 1124 2079 possunt
1157 2009 1202 2057 a
1227 1998 1531 2082 puncto,
1568 1997 1656 2059 ut
1704 1987 1789 2075 Β,
1840 1996 2217 2059 crescente
2258 1985 2494 2059 donec
2543 1984 2881 2079 acquirat

814 2096 1398 2193 magnitudinem
1432 2098 1858 2194 quamlibet,
1892 2111 1980 2172 ut
2013 2099 2072 2171 C
2092 2098 2183 2171 D.

864 2273 872 2281 .
913 2209 1378 2307 Intelligatur
1404 2212 1632 2308 igitur
1664 2236 1710 2285 a
1740 2224 2017 2309 puncto
2056 2212 2116 2284 Β
2146 2222 2521 2285 crescente
2556 2209 2634 2285 in
2667 2234 2874 2306 mag-

811 2322 1224 2396 nitudinem
1258 2324 1317 2396 C
1337 2323 1429 2413 D,
1460 2324 1830 2421 descripta
1863 2325 1924 2397 Β
1944 2325 2004 2396 Ε
2025 2323 2091 2396 D
2115 2324 2196 2396 C.
2301 2321 2667 2397 Quoniam
2693 2345 2873 2419 ergo

813 2436 955 2509 BC
1001 2447 1117 2509 est
1154 2436 1251 2510 ad
1290 2438 1428 2510 BF
1478 2437 1556 2509 in
1602 2437 1889 2511 ratione
1943 2436 2089 2509 CD
2143 2435 2240 2508 ad
2286 2436 2421 2508 FE
2474 2434 2869 2531 triplicata,

809 2549 950 2624 erit
984 2549 1442 2640 invertendo,
1468 2563 1554 2623 ut
1576 2575 1750 2624 mox
1784 2548 2276 2637 ostendemus,
2312 2548 2446 2620 FE
2481 2546 2577 2620 ad
2610 2547 2669 2621 C
2689 2547 2755 2620 D
2794 2547 2869 2621 in

803 2663 1090 2737 ratione
1126 2664 1186 2736 Β
1208 2666 1265 2738 F
1297 2664 1392 2736 ad
1428 2664 1488 2736 B
1510 2663 1569 2736 C
1603 2663 1993 2760 triplicata.
2067 2661 2444 2758 Siquidem
2466 2683 2642 2756 ergo
2663 2674 2872 2735 recta

805 2776 865 2848 Β
888 2775 947 2848 C
980 2787 1311 2848 sumatur
1342 2800 1478 2872 pro
1513 2798 1856 2848 mensura
1882 2775 2235 2870 temporis
2261 2773 2339 2845 in
2361 2797 2507 2869 quo
2529 2786 2868 2847 movetur

799 2900 1157 2984 punctum
1193 2889 1277 2978 Β,
1299 2886 1858 2984 repraesentabit
1882 2888 2124 2982 figura
2154 2887 2215 2958 E
2239 2886 2306 2957 K
2330 2886 2391 2958 Β
2412 2886 2468 2957 F
2502 2908 2864 2959 summam

801 3001 1127 3074 omnium
1191 3000 1668 3075 velocitatum
1734 2999 2220 3073 crescentium
2287 3010 2620 3094 tempore
2688 3000 2748 3072 B
2781 3001 2861 3088 F,

800 3126 878 3187 et
914 3115 1152 3210 figura
1184 3115 1253 3187 D
1272 3116 1332 3187 E
1355 3115 1418 3186 B
1439 3114 1497 3187 C
1535 3112 2095 3209 repraesentabit
2135 3135 2491 3184 summam
2532 3111 2862 3185 omnium

795 3227 1270 3301 velocitatum
1311 3226 1802 3300 crescentium
1842 3237 2174 3322 tempore
2217 3226 2277 3298 Β
2301 3224 2381 3297 C.
2489 3224 2860 3298 Quoniam

796 3339 1023 3435 igitur
1085 3342 1324 3435 figura
1378 3339 1695 3412 EKBF
1746 3351 1860 3410 est
1910 3338 2005 3411 ad
2057 3338 2368 3434 figuram
2416 3335 2727 3410 DEBC
2778 3336 2858 3409 in

793 3453 1081 3526 ratione
1128 3452 1604 3527 altitudinum
1653 3461 1729 3523 et
1772 3449 2059 3523 basium
2111 3448 2541 3545 composita,
2595 3461 2855 3545 estque

791 3566 981 3639 ratio
1028 3567 1164 3639 FE
1203 3566 1299 3639 ad
1347 3565 1493 3638 CD
1545 3564 1915 3660 triplicata
1966 3563 2272 3636 rationis
2329 3563 2389 3635 Β
2411 3562 2468 3634 F
2518 3561 2616 3634 ad
2665 3562 2725 3634 B
2750 3561 2852 3645 C;

792 3679 934 3751 erit
964 3680 1204 3775 figura
1248 3680 1309 3751 E
1333 3679 1400 3750 K
1423 3679 1483 3751 Β
1504 3679 1560 3750 F
1610 3677 1704 3750 ad
1749 3678 2062 3773 figuram
2102 3675 2168 3748 D
2187 3676 2248 3747 E
2272 3675 2332 3747 Β
2354 3674 2413 3747 C
2451 3673 2531 3745 in
2565 3673 2853 3747 ratione

793 3792 856 3863 B
875 3792 932 3864 F
965 3791 1062 3865 ad
1097 3792 1158 3864 Β
1180 3791 1239 3864 C
1273 3790 1851 3888 quadruplicata,
1897 3789 2041 3861 hoc
2082 3798 2218 3877 est,
2267 3810 2551 3864 summa
2581 3786 2851 3860 veloci-

790 3913 1030 3976 tatum
1097 3926 1243 3999 qua
1307 3903 1458 3975 itur
1523 3914 1853 3998 tempore
1921 3901 1981 3973 B
2003 3901 2081 3989 F,
2151 3911 2264 3972 est
2328 3898 2425 3972 ad
2492 3921 2849 3972 summam

786 4015 1261 4089 velocitatum
1297 4038 1442 4112 qua
1479 4014 1633 4087 itur
1671 4025 2000 4108 tempore
2052 4011 2113 4083 Β
2136 4011 2218 4099 C,
2260 4010 2336 4083 in
2386 4010 2672 4082 ratione
2709 4011 2769 4083 Β
2792 4011 2850 4082 F

785 4128 882 4202 ad
950 4130 1010 4202 Β
1032 4129 1092 4201 C
1157 4126 1735 4224 quadruplicata.
1857 4125 2117 4219 Itaque
2176 4122 2238 4195 si
2303 4121 2571 4196 mobile
2638 4121 2714 4194 in
2783 4122 2846 4193 B

782 4253 1166 4316 moveatur
1229 4240 1622 4314 velocitate
1692 4237 1798 4309 ita
1865 4246 2265 4323 crescente,
2337 4246 2423 4306 ut
2491 4232 2844 4320 velocitas

781 4368 1111 4453 tempore
1159 4356 1219 4428 Β
1241 4356 1298 4428 F
1340 4351 1702 4449 acquisita
1734 4350 1833 4423 sit
1872 4349 1968 4423 ad
1999 4347 2466 4422 velocitatem
2513 4357 2844 4442 tempore
