3182 5102
403 666 575 716 PARS
616 667 657 716 1.

355 1644 549 1694 Nomen

357 1711 633 1788 univ-ocum,
654 1718 702 1759 et

350 1792 667 1839 equivocum.

354 3240 546 3288 Nomen

355 3305 627 3353 absolutum

354 3379 401 3418 et
432 3369 702 3418 relativum.

745 451 842 519 20
1220 464 1751 517 COMPUTATIO
1792 465 1980 516 slva
2022 464 2348 517 Loech.

749 646 917 720 dam
971 646 1218 736 home,
1273 647 1469 719 idem
1521 646 1726 743 quod
1786 646 1994 720 homo
2056 646 2187 719 ille
2243 670 2453 743 quem
2509 645 2817 742 loquens

749 762 991 832 animo
1008 761 1175 853 jam
1212 759 1575 856 concepit.
1660 760 1771 831 Ex
1795 784 1940 856 quo
1963 756 2276 855 intelligi
2299 759 2524 832 etiam
2544 770 2816 855 potest,

744 873 1163 968 hujusmodi
1192 872 1567 968 signorum
1603 896 1814 945 usum
1846 896 2006 945 esse
2032 872 2314 945 homini
2342 896 2492 946 non
2512 883 2819 969 propter

744 1010 847 1074 se,
902 986 1055 1058 sive
1089 985 1182 1059 ad
1245 985 1628 1058 scientiam
1680 986 1981 1081 propria
2034 985 2515 1058 meditatione
2564 985 2816 1080 acqui-

742 1098 1046 1171 rendam
1119 1099 1374 1191 (habet
1457 1099 1654 1170 enim
1717 1098 2222 1194 unusquisque
2291 1098 2817 1193 cogitationem

744 1237 950 1286 suam
984 1212 1142 1284 sine
1174 1212 1290 1284 his
1327 1211 1921 1305 determinatam)
1971 1211 2102 1283 sed
2144 1222 2450 1308 propter
2483 1211 2689 1301 alios,
2742 1210 2818 1283 id

743 1336 879 1414 est,
914 1324 1011 1397 ad
1045 1324 1480 1413 docendum,
1518 1337 1594 1396 et
1628 1324 1724 1398 ad
1757 1335 2160 1420 conceptus
2196 1347 2367 1396 suos
2393 1323 2553 1395 aliis
2590 1324 2817 1420 signi-

743 1438 1123 1522 ficandos;
1201 1461 1340 1510 nec
1401 1437 1628 1510 fuisse
1684 1461 1773 1510 ea
1825 1436 2220 1526 memoriae,
2278 1436 2410 1509 sed
2468 1436 2817 1533 colloquii

747 1575 967 1624 causa
1001 1551 1441 1647 excogitata.

858 1674 966 1737 12.
1022 1663 1281 1736 Solent
1334 1663 1557 1736 etiam
1600 1662 1957 1759 distingui
2004 1662 2307 1735 nomina
2353 1664 2430 1735 in
2474 1663 2813 1753 univoca,

746 1788 823 1849 et
853 1777 1252 1874 aequivoca,
1293 1788 1381 1849 ut
1413 1777 1725 1849 univoca
1762 1776 1913 1849 sint
1962 1800 2125 1873 quae
2179 1776 2257 1849 in
2313 1776 2568 1849 eadem
2625 1777 2812 1850 serie

743 1890 1331 1964 ratiocinationis
1365 1889 1560 1962 idem
1599 1913 1888 1985 semper
1944 1888 2387 1985 significant,
2440 1889 2816 1985 oequivoca

741 2027 915 2076 vero
978 2026 1140 2099 quae
1186 2026 1385 2075 nunc
1438 2026 1587 2076 uno
1623 2026 1820 2076 nunc
1856 2003 2000 2076 alio
2061 2002 2280 2076 modo
2335 2003 2816 2100 intelligenda

743 2128 939 2188 sunt.
1068 2116 1175 2189 Ut
1209 2116 1270 2188 si
1306 2115 1468 2211 quis
1505 2139 1778 2188 nomen
1814 2115 2165 2210 trianguli
2220 2115 2596 2188 univocum
2656 2139 2813 2188 esse

744 2229 1024 2303 diceret
1081 2228 1281 2326 quod
1336 2228 1414 2301 in
1467 2228 1728 2302 eodem
1780 2252 2000 2301 sensu
2047 2252 2336 2324 semper
2385 2229 2813 2326 accipiatur,

741 2343 1164 2439 parabolam
1246 2366 1421 2415 vero
1525 2342 1981 2439 aequivocum
2084 2342 2258 2438 quia
2373 2342 2813 2439 quandoque

741 2457 1162 2554 allegoriam
1247 2472 1378 2530 aut
1461 2455 2036 2545 similitudinem,
2120 2456 2559 2553 quandoque
2625 2457 2814 2551 figu-

741 2593 900 2642 ram
928 2571 1295 2667 quandam
1327 2570 1844 2666 geometricam
1879 2570 2205 2643 denotat.
2307 2570 2552 2643 Etiam
2579 2569 2816 2643 omnis

738 2683 1173 2779 metaphora
1233 2708 1323 2756 ex
1389 2682 1720 2780 professo
1791 2684 2169 2780 aequivoca
2236 2695 2391 2767 est;
2479 2682 2611 2756 sed
2669 2682 2815 2755 dis-

741 2796 1005 2870 tinctio
1065 2796 1224 2870 haec
1284 2820 1433 2869 nou
1496 2806 1612 2868 est
1677 2795 2005 2891 ipsorum
2058 2796 2465 2886 nominum,
2535 2796 2667 2869 sed
2725 2795 2815 2868 iis

741 2910 1134 2998 utentium,
1203 2933 1516 3007 quorum
1588 2909 1735 2998 alii,
1803 2909 2108 2982 vocibus
2184 2909 2312 3002 (ad
2380 2910 2815 2983 eliciendam

742 3022 1163 3117 veritatem)
1237 3022 1534 3119 proprie
1590 3032 1667 3094 et
1721 3033 2067 3095 accurate
2121 3033 2461 3112 utuntur,
2530 3022 2657 3096 alii
2723 3021 2821 3096 ad

747 3147 1089 3210 ornatum
1121 3136 1238 3208 vel
1273 3136 1368 3208 ad
1399 3135 1764 3209 fallaciam
1798 3136 2228 3208 abutuntur.

856 3259 968 3322 13.
1014 3249 1320 3339 Quinto,
1343 3249 1724 3323 nominum
1745 3249 1889 3321 alia
1908 3248 2291 3339 Absoluta,
2315 3248 2460 3321 alia
2481 3247 2819 3322 Relativa

745 3363 1230 3460 appellantur.
1301 3362 1638 3435 Relativa
1671 3374 1843 3435 sunt
1878 3386 2043 3457 quae
2077 3362 2560 3457 imponuntur
2591 3386 2816 3459 prop-

741 3487 858 3548 ter
946 3475 1616 3572 comparationem;
1717 3486 1803 3546 ut
1878 3485 2135 3572 pater,
2196 3475 2448 3569 filim,
2558 3499 2814 3562 causa,

742 3589 1076 3683 fiee-tua,
1182 3587 1446 3678 simile,
1540 3585 1931 3677 dissimile,
2015 3587 2330 3684 oequale,
2423 3586 2812 3684 inoequale,

742 3700 1101 3788 dominus,
1153 3726 1434 3791 servm,
1482 3699 1618 3794 ᾇτ’.
1722 3701 1909 3775 Quae
1959 3725 2136 3774 vero
2188 3726 2339 3775 non
2386 3701 2482 3775 ad
2536 3700 2814 3796 signifi-

741 3814 1051 3887 candam
1088 3814 1712 3910 comparationem
1772 3814 2276 3909 imponuntur,
2334 3837 2421 3886 ea
2452 3825 2813 3886 vocantur

741 3925 1136 4000 Absoluta.
1242 3928 1450 4000 Sicut
1481 3939 1730 4000 autem
1786 3927 1878 4000 de
1924 3927 2477 4000 universalitate
2530 3927 2813 3999 dictum

741 4051 878 4128 est,
915 4063 1078 4112 eam
1109 4041 1436 4130 vocibuS,
1490 4065 1643 4113 non
1677 4042 1897 4114 rebus
1933 4041 2239 4114 attribui
2287 4053 2654 4136 oportere,
2706 4041 2812 4114 sic

742 4152 966 4225 etiam
1022 4153 1114 4225 de
1149 4153 1434 4226 caeteris
1469 4154 1851 4227 nominum
1904 4153 2502 4227 distinctionibus
2560 4153 2811 4226 dicen-

745 4264 920 4337 dum
989 4277 1145 4350 est;
1225 4266 1595 4355 nimirum,
1658 4266 1934 4340 nullam
2000 4290 2159 4338 rem
2212 4267 2616 4357 univocam,
2681 4279 2811 4340 aut
