3182 5102
913 529 1081 574 vrrAE
1114 530 1480 575 HOBBIANAE
1512 531 1928 576 auc-ramum.
2435 512 2548 576 xlv

382 694 648 760 Comitis
675 709 893 781 postea
935 696 1365 774 Devoniensis,
1408 720 1488 761 ex
1530 698 2071 763 commendatione
2113 698 2274 763 aulae
2318 699 2550 785 princi-

381 830 540 915 palis
570 846 823 896 vocatus
867 846 979 896 est.
1069 833 1261 919 Apud
1301 832 1469 898 hunc
1512 833 1717 898 virum
1761 832 2055 910 nobilem,
2101 855 2242 898 cum
2290 835 2544 922 ingenio

382 975 567 1052 acri-f·
593 984 656 1033 et
686 969 1012 1047 industrie,
1058 992 1174 1034 nec
1217 984 1426 1035 tamen
1472 970 1835 1056 injucundo,
1882 992 2008 1035 non
2050 969 2249 1035 levem
2277 971 2545 1058 gratiam

383 1106 642 1183 iniisset,
672 1107 755 1171 ab
775 1105 997 1171 eodem
1028 1106 1276 1170 habitus
1304 1120 1399 1170 est
1426 1106 1675 1192 dignuS,
1718 1118 1791 1170 ut
1818 1105 1949 1170 filio
1987 1119 2141 1170 natu
2172 1107 2445 1172 maximo
2477 1108 2543 1170 in

384 1256 634 1307 exteras
661 1243 948 1328 regiones
975 1242 1389 1329 proficiscenti
1419 1240 1581 1305 latus
1611 1254 1869 1327 tegeret.
1965 1241 2040 1304 In
2075 1240 2346 1306 Galliam
2376 1265 2548 1331 ergo,

382 1392 448 1443 et
476 1378 632 1442 inde
660 1379 724 1441 in
757 1378 1005 1443 Italiam
1022 1379 1347 1456 transiens»,
1365 1400 1495 1442 non
1519 1377 1894 1442 mediocrem
1914 1376 2172 1440 istarum
2196 1377 2549 1465 regionum,

384 1513 513 1578 sive
565 1514 831 1602 linguas,
878 1515 1006 1579 sive
1054 1515 1337 1579 homines
1386 1535 1715 1600 moresque
1765 1512 2072 1599 respicias,
2120 1513 2548 1600 cognitionem

385 1651 746 1737 reportavit.
838 1650 983 1714 Non
1014 1652 1341 1714 immernor
1370 1652 1620 1715 interim
1647 1651 1891 1715 Graecae
1915 1664 1980 1714 et
2004 1649 2252 1717 Latinae
2281 1649 2542 1737 linguae,

388 1808 543 1873 quas
588 1786 838 1871 juvenis
882 1785 1188 1863 hauserat,
1237 1787 1522 1872 peritiam
1569 1786 1738 1850 horis
1789 1786 2143 1850 successivis
2201 1785 2550 1850 renovandi

387 1936 450 1986 et
476 1922 775 2007 augendi,
821 1921 1050 2010 logices
1092 1937 1156 1987 et
1204 1921 1612 2008 philosophiae
1654 1922 2074 2007 peripateticae
2127 1921 2296 1984 haud
2349 1944 2548 2009 usque

389 2056 548 2121 adeo
576 2058 872 2135 curiosus»,
907 2080 1059 2145 quas
1088 2058 1321 2145 negligi
1350 2058 1599 2143 passim,
1631 2070 1694 2121 et
1722 2056 2029 2143 praeteriri
2056 2071 2354 2142 tanquam
2372 2058 2555 2123 scho-

390 2192 596 2258 larum
638 2194 857 2258 frivola
898 2217 936 2258 a
976 2201 1129 2262 viris
1169 2198 1503 2275 cordatis,‡
1554 2216 1688 2279 prae
1731 2216 1798 2257 se
1842 2192 2118 2271 ferebat3
2176 2194 2238 2255 in
2285 2194 2555 2280 patriam

392 2351 697 2407 reversus»,
726 2343 940 2416 poetas
968 2343 1033 2393 et
1059 2329 1381 2393 historicos
1414 2327 1673 2392 Latinos
1712 2327 2046 2416 diligenter
2089 2328 2330 2416 relegit,
2377 2329 2556 2393 adhi-

392 2466 539 2531 bitis
587 2468 775 2531 etiam
825 2468 1375 2554 grammaticorum
1418 2466 1758 2530 celebrium
1803 2466 2281 2543 commentariis,
2327 2487 2454 2529 non
2487 2478 2560 2529 ut

395 2603 639 2680 floride,
671 2603 779 2667 sed
825 2617 898 2666 ut
948 2602 1173 2667 Latine
1212 2616 1416 2687 posset
1456 2600 1746 2676 scribere,
1779 2614 1843 2663 et
1873 2599 1999 2662 vim
2032 2599 2364 2664 verborum
2393 2599 2562 2686 cogi-

400 2740 543 2802 tatis
571 2754 1022 2825 congruentem
1054 2737 1353 2803 invenire.
1444 2735 1622 2800 Inter
1651 2735 1979 2800 historicos
2012 2733 2273 2800 Graecos
2305 2735 2566 2822 Thucy-

398 2873 614 2937 didem
670 2896 804 2960 prae
861 2873 1103 2937 caeteris
1159 2870 1402 2951 dilexit,
1474 2886 1539 2934 et
1597 2871 1805 2934 vacuis
1863 2870 2031 2935 horis
2089 2870 2153 2933 in
2213 2892 2564 2936 sermonem

404 3010 746 3096 Anglicum
769 3008 1068 3096 paulatim
1098 3029 1488 3084 conversum,
1520 3029 1664 3071 cum
1688 3005 1887 3070 multa
1908 3005 2095 3070 laude
2124 3029 2290 3071 anno
2314 3011 2475 3071 1628
2499 3007 2566 3070 in

400 3147 724 3233 publicum
773 3145 991 3226 edidit,
1041 3168 1116 3209 eo
1163 3145 1288 3209 fine
1333 3160 1405 3208 ut
1456 3143 1709 3229 ineptiae
1767 3142 2323 3207 democraticorum
2369 3141 2568 3208 Athe-

403 3283 717 3348 niensium
769 3282 994 3345 nostris
1036 3281 1394 3345 hominibus
1437 3278 1828 3365 patefierent.
1942 3277 2184 3343 Eodem
2226 3301 2394 3343 anno
2422 3302 2568 3345 cum

405 3422 640 3486 Comes
669 3417 1081 3482 Devoniensis
1110 3415 1274 3481 diem
1309 3438 1492 3479 suum
1529 3415 1803 3490 obiisset,
1851 3415 1951 3479 cui
1980 3436 2094 3500 per
2123 3413 2342 3500 viginti
2372 3435 2570 3480 annos

403 3557 602 3622 cliens
657 3554 975 3619 familiaris
1031 3553 1397 3630 adhaeserat,
1473 3553 1539 3615 in
1602 3551 1874 3616 Galliam
1934 3552 2161 3615 iterum
2218 3551 2393 3628 abiit,
2454 3551 2570 3616 filii

407 3692 495 3755 D.
530 3691 814 3756 Gervasii
848 3688 1085 3754 Cliston
1137 3688 1385 3776 Equitis
1424 3710 1639 3753 curam
1692 3710 2013 3776 peragens.
2106 3687 2186 3751 In
2231 3709 2356 3775 qua
2391 3709 2571 3773 pere-

405 3828 783 3915 grinatione,
842 3826 1170 3892 Euclidem
1220 3827 1495 3913 primum
1547 3825 1836 3911 inspexit,
1890 3825 2184 3890 methodo
2234 3826 2388 3911 ejuS,
2441 3847 2572 3889 non

408 3983 543 4031 tam
570 3966 656 4031 ob
687 3966 1126 4041 Theoremata,
1179 3986 1365 4050 quam
1402 3963 1485 4027 ob
1514 3976 1711 4027 artem
1744 3961 2176 4039 ratiocinandi,
2208 3959 2570 4026 delectatus

414 4104 612 4167 Anno
641 4105 824 4177 1631,
856 4123 895 4165 a
926 4100 1255 4166 Comitissa
1279 4099 1586 4163 Devoniae
1633 4114 1952 4163 revocatus
1994 4113 2106 4174 est,
2154 4110 2224 4160 ut
2253 4095 2383 4160 filio
2412 4096 2568 4181 ejuS,

409 4239 523 4325 qui
576 4236 966 4302 tredecennis
1017 4251 1171 4312 erat,
1218 4236 1620 4322 praeceptoris
1667 4256 1926 4298 munere
1955 4233 2361 4319 fungeretur:
2403 4228 2574 4317 quod

541 4477 572 4535 †
608 4474 751 4524 Quod
773 4489 859 4536 pro
881 4474 1034 4522 sobrio
1056 4473 1308 4536 supposuit
1329 4472 1570 4520 Decanus.
1818 4467 1844 4531 ss
1871 4468 1990 4518 Haec
2007 4469 2066 4516 ab
2087 4468 2251 4516 eodem
2275 4464 2446 4513 deleta.
