3182 5102
378 631 551 679 PARS
589 632 629 680 Ι.

277 2990 674 3056 Philosophantes

278 3056 395 3118 quid
425 3058 544 3108 scire

277 3127 459 3182 petunt.

718 421 814 486 60
1190 438 1721 490 COMPUTATIO
1761 440 1948 490 slva
1990 438 2315 490 Loch.

719 604 1227 698 componenda
1293 616 1539 677 autem
1608 605 1812 703 prius
1881 605 2229 701 cognosci
2297 628 2596 679 necesse
2670 620 2785 679 est

719 739 939 811 quam
993 718 1502 813 compositum.
1630 720 1768 792 Per
1810 729 2059 814 partes
2112 731 2362 792 autem
2421 721 2565 792 hoe
2615 719 2781 794 loeo

717 828 1048 925 intelligo
1086 853 1236 901 non
1283 843 1530 925 partes
1566 831 1797 927 ipsius
1831 831 1963 921 rei,
2016 830 2148 903 sed
2198 843 2449 927 partes
2495 844 2780 906 naturae

719 943 899 1037 ejuS,
953 953 1039 1014 ut
1089 966 1222 1038 per
1271 955 1521 1039 partes
1573 944 1894 1017 hominis
1945 968 2094 1018 non
2144 944 2476 1040 intelligo
2532 959 2777 1042 caput,

715 1054 1082 1145 humeroS,
1136 1057 1462 1146 brachia,
1514 1059 1641 1130 &e.
1701 1058 1830 1131 sed
1882 1060 2219 1155 figuram,
2264 1059 2778 1154 quantitatem,

714 1180 1020 1257 motum,
1056 1170 1492 1259 sensionem,
1528 1171 2170 1244 ratiocinationem
2196 1182 2273 1243 et
2297 1170 2584 1261 similia,
2614 1196 2778 1267 quae

713 1295 887 1355 sunt
939 1282 1350 1356 accidentia
1402 1307 1566 1380 quae
1602 1284 2011 1380 composita
2043 1283 2257 1356 simul
2314 1285 2780 1357 constituunt

715 1407 950 1468 totam
982 1395 1323 1484 hominiS,
1352 1421 1503 1470 non
1531 1397 1823 1487 molem,
1880 1397 2010 1470 sed
2064 1409 2427 1469 naturam.
2530 1398 2775 1493 Atque

713 1509 789 1581 in
844 1511 986 1582 hoe
1042 1510 1382 1583 consistit
1432 1510 1511 1583 id
1559 1510 1757 1605 quod
1806 1510 2025 1606 vulgo
2075 1509 2371 1598 dicitur,
2420 1509 2565 1582 alia
2617 1535 2773 1583 esse

713 1621 946 1712 nobis,
981 1623 1125 1696 alia
1150 1647 1308 1697 esse
1344 1634 1630 1695 naturoe
1662 1624 1956 1697 notiora
1985 1654 2004 1706 ;
2057 1647 2207 1695 non
2230 1622 2427 1695 enim
2455 1623 2774 1696 arbitror

713 1759 838 1808 eos
907 1737 1033 1832 qui
1100 1737 1204 1809 sic
1272 1736 1761 1833 distinguunt,
1825 1749 2086 1809 notum
2153 1736 2546 1831 quicquam
2613 1760 2771 1809 esse

710 1848 1128 1922 existimare
1163 1849 1362 1946 quod
1396 1849 1535 1922 etsi
1567 1848 1850 1921 homini
1885 1847 2182 1937 nemini,
2219 1861 2503 1921 naturae
2524 1860 2770 1922 tamen

708 1974 970 2035 notum
990 1963 1087 2036 sit
1116 1995 1134 2047 ;
1188 1963 1481 2036 notiora
1505 1962 1734 2058 igitur
1753 1960 1964 2034 nobis
1987 1961 2077 2033 de
2104 1961 2375 2034 notitia
2400 1985 2768 2052 sensuum,

710 2076 1001 2149 notiora
1043 2086 1331 2149 παίωνα]
1374 2075 1464 2149 de
1506 2075 1778 2149 notitia
1819 2075 2105 2148 ratione
2147 2074 2511 2170 acquisita
2553 2075 2770 2149 intel-

704 2188 835 2284 ligi
870 2190 1162 2280 debent,
1201 2202 1277 2262 et
1312 2189 1417 2263 sic
1452 2201 1613 2261 tota
1644 2188 2002 2284 partibuS,
2040 2187 2116 2260 id
2150 2200 2287 2277 est,
2324 2212 2430 2262 eae
2450 2212 2568 2261 res
2605 2213 2768 2285 quae

703 2303 1004 2375 nomina
1048 2303 1324 2376 habent
1358 2303 1600 2375 minus
1634 2301 2077 2374 universalia
2131 2301 2345 2396 (quas
2380 2302 2766 2376 brevitatis

703 2439 924 2489 causa
958 2416 1393 2512 singulares)
1436 2441 1656 2512 quam
1693 2439 1854 2512 quae
1889 2415 2190 2487 nomina
2220 2415 2499 2489 habent
2531 2417 2765 2513 magis

700 2529 1141 2604 universalia
1221 2530 1433 2626 (quas
1493 2528 1941 2603 universales
2012 2527 2368 2624 dicemus)
2436 2530 2769 2603 notiores

700 2641 910 2715 nobis
942 2672 966 2724 ,-
1018 2644 1341 2739 partium
1374 2657 1624 2715 autem
1678 2665 1940 2723 causae,
1999 2666 2218 2737 quam
2254 2666 2476 2715 causa
2509 2644 2762 2731 totiuS‚

698 2756 842 2828 hoc
896 2768 1032 2844 est,
1089 2756 1529 2829 universalia
1579 2755 2070 2851 singularibus
2127 2755 2421 2828 notiora
2475 2765 2764 2830 naturoe

702 2867 847 2940 dici
883 2869 1144 2941 solent.

799 2991 866 3054 3.
925 2982 1530 3078 Philosophantes
1582 2994 1922 3077 quaerunt
1972 2981 2088 3054 vel
2139 2979 2569 3076 simpliciter
2610 2982 2762 3054 sive

697 3094 1079 3167 indefinite
1107 3095 1510 3183 scientiam,
1546 3094 1691 3167 hoe
1720 3107 1856 3182 est,
1894 3093 2096 3166 nulla
2122 3106 2327 3166 certa
2356 3095 2762 3189 quaestione

697 3209 1098 3304 proposita,
1169 3220 1457 3281 tantum
1525 3208 1713 3280 scire
1781 3219 2137 3303 quantum
2201 3219 2556 3302 possunt;
2642 3207 2763 3280 vel

699 3322 881 3394 certi
902 3321 1209 3417 alicujus
1230 3321 1694 3416 phaenomeni
1717 3343 2033 3408 eausam,
2062 3318 2181 3391 vel
2201 3318 2478 3414 aliquid
2500 3319 2759 3392 saltem

699 3446 980 3507 certum
1039 3433 1392 3522 invenire,
1463 3447 1548 3505 ut
1610 3457 1944 3529 quaenam
2004 3431 2101 3505 sit
2157 3455 2378 3504 causa
2434 3431 2755 3519 luminis,

694 3546 1002 3633 calori-5,
1048 3546 1491 3643 gravitatis,
1518 3547 1808 3642 figurae
1830 3546 2274 3643 propo-sim,
2332 3557 2408 3617 et
2443 3545 2754 3629 similia;

691 3662 807 3734 vel
862 3661 936 3732 in
999 3684 1143 3756 quo
1198 3661 1527 3756 subjecto
1563 3659 1904 3732 accidens
1950 3658 2247 3754 aliquod
2295 3659 2758 3754 propositum

693 3774 1070 3861 inhaereat,
1125 3774 1237 3846 vel
1273 3773 1368 3845 ad
1401 3774 1743 3846 effectum
1778 3772 2097 3869 aliquem
2143 3772 2268 3867 qui
2315 3772 2755 3868 proponitur

690 3886 1213 3982 generandum,
1271 3911 1359 3959 ex
1411 3886 1661 3958 multis
1712 3884 2240 3973 accidentibuS‚
2300 3908 2465 3981 quae
2522 3884 2754 3980 potis-

690 4000 950 4073 simum
987 4000 1448 4083 conducant;
1499 4001 1617 4073 vel
1652 4024 1797 4095 quo
1833 3999 2053 4071 modo
2088 3998 2179 4071 ad
2217 4010 2500 4071 eertum
2536 3998 2755 4071 effec-

689 4125 839 4185 tum
898 4112 1473 4208 producendum,
1529 4137 1768 4186 causae
1820 4111 2301 4208 particulares
2350 4110 2752 4207 propositae

687 4228 1032 4323 conjungi
1062 4227 1400 4301 debeant.
1484 4229 1793 4323 Propter
1818 4225 2252 4298 varietatem
2279 4226 2473 4298 hanc
2501 4248 2757 4306 rerum¹
