3182 5102
772 388 879 439 nn
920 386 1160 455 sono,
1199 386 1503 455 ooonn,
1542 385 1883 456 sAPonn,
1920 388 2093 440 Ero.
2308 377 2440 441 401

402 549 721 624 mittitur
754 551 1011 626 leviter
1044 552 1469 649 stringente,
1518 554 1605 625 fit
1655 576 1877 626 sonus
1930 576 2213 626 raucus.
2318 553 2446 628 Sin
2526 562 2697 676 ΡΛξξ
2732 562 2816 611 W·

406 663 700 758 spiritus
751 665 829 739 in
881 666 1258 764 laryngem
1310 666 1602 739 fortiter
1656 666 2034 762 impingat,
2088 667 2175 739 fit
2227 690 2446 740 sonus
2545 662 2785 732 *τὶ-ν

404 775 665 868 claruS‚
716 791 802 852 ut
846 779 923 852 in
970 779 1191 863 tibia;
1250 780 1444 853 idem
1502 789 1746 853 autem
1800 780 2095 876 spiritus
2147 804 2193 852 a
2241 780 2442 852 vario

403 890 710 984 appulsu
741 891 837 963 ad
861 891 1209 988 palatum,
1232 891 1581 988 linguam,
1603 891 1830 981 labra,
1858 891 2136 981 dentes,
2161 892 2442 986 aliaque

401 1000 746 1098 loquendi
779 1028 1076 1100 organa,
1110 1003 1309 1076 varie
1342 1003 1417 1077 in
1450 1027 1667 1078 voces
1701 1004 2148 1078 articulatur.

502 1118 570 1196 7.
625 1116 923 1205 Sonum,
960 1117 1086 1213 qui
1124 1128 1512 1212 generatur
1561 1140 1693 1213 per
1724 1128 2004 1189 motum
2038 1141 2083 1188 a
2115 1129 2440 1207 sonante,
2467 1134 2621 1183 Sonu-

401 1226 476 1298 in
533 1227 726 1301 linea
781 1241 1003 1319 recta,
1056 1253 1207 1302 non
1264 1229 1556 1318 reflexa,
1612 1227 1894 1325 appello
1945 1229 2392 1327 primarium
2414 1256 2442 1313 ‚-
2465 1199 2679 1248 ”flam

399 1339 603 1411 illum
657 1365 831 1414 vero
901 1342 1024 1437 qui
1087 1353 1477 1438 generatur
1540 1365 1671 1436 per
1736 1341 2225 1430 reflexionem,
2293 1342 2444 1415 sive

398 1475 530 1547 per
560 1477 782 1526 unam
815 1455 973 1528 sive
1022 1479 1154 1550 per
1200 1454 1468 1551 plures,
1517 1454 1893 1548 reflexum,
1950 1454 2262 1527 eundem
2322 1456 2444 1550 qui

402 1576 477 1636 et
502 1565 677 1636 echo
709 1566 1149 1656 nominatur,
1179 1577 1254 1638 et
1286 1566 1503 1639 toties
1529 1566 1834 1638 iteratur
1864 1578 2042 1661 quot
2075 1567 2170 1640 ad
2197 1591 2445 1640 aurem

400 1673 584 1749 fiunt
615 1678 1090 1752 reflectiones,
1155 1679 1372 1751 Fiunt
1404 1690 1651 1750 autem
1675 1678 2124 1752 reflectiones
2152 1693 2446 1775 propter

398 1804 708 1880 montes,
778 1815 1046 1880 muroS‚
1114 1791 1398 1887 aliaque
1466 1814 1777 1886 corpora
1838 1791 2275 1882 resistentia,
2341 1793 2446 1867 ita

399 1901 775 1993 collocata,
810 1914 893 1976 ut
923 1914 1206 1975 motum
1250 1902 1630 1975 reflectant
1678 1926 1812 1997 pro
1863 1927 2163 1976 numero
2213 1906 2443 2001 magis

397 2015 514 2086 vel
548 2015 785 2089 minus
826 2040 1039 2112 saepe,
1089 2026 1163 2088 et
1209 2039 1342 2111 pro
1393 2015 1789 2087 intervallis
1839 2016 2068 2111 magis
2118 2018 2443 2090 minusve

400 2128 806 2201 confertim.
910 2129 1144 2201 Causa
1174 2128 1552 2223 utriusque
1594 2128 1699 2199 rei
1749 2128 1824 2200 in
1876 2128 2022 2201 situ
2071 2130 2443 2204 reflecten-

397 2241 580 2312 tium
648 2241 1039 2337 quaerenda
1105 2252 1241 2329 est,
1327 2239 1934 2336 quemadmodum
2002 2241 2220 2314 etiam
2285 2244 2443 2317 fieri

398 2353 581 2426 solet
648 2354 723 2427 in
782 2355 1080 2428 visione.
1204 2354 1496 2427 Eaedem
1564 2353 1759 2425 enim
1824 2354 2206 2450 utrobique
2273 2369 2442 2430 sunt

396 2467 897 2541 reflectionum
931 2468 1149 2565 leges,
1184 2467 1549 2556 nimirum,
1598 2479 1683 2539 ut
1732 2466 1976 2563 anguli
2028 2468 2442 2544 incidentiae

398 2592 473 2653 et
506 2581 941 2654 reflectionis
975 2582 1122 2654 sint
1154 2582 1347 2653 inter
1379 2605 1456 2653 se
1491 2580 1826 2677 aequaleS.

497 2694 776 2790 Itaque,
814 2694 873 2767 si
921 2694 997 2767 in
1033 2692 1437 2790 sphaeroide
1487 2717 1667 2765 cava
1717 2716 1804 2764 ex
1860 2694 2161 2767 materia
2214 2695 2443 2769 solida

398 2817 473 2879 et
503 2807 790 2879 interne
822 2807 1072 2903 polita,
1108 2807 1223 2879 vel
1258 2806 1333 2877 in
1367 2805 1647 2878 duabus
1682 2806 2104 2878 conoidibus
2137 2809 2438 2902 parabo-

397 2919 554 2992 licis
619 2920 835 2991 rectis
902 2917 1455 3014 conjunctisque
1515 2918 1611 2991 ad
1661 2919 1909 2990 basem
1961 2943 2436 3010 communem,

397 3032 490 3105 ad
523 3057 749 3105 unum
774 3033 1281 3106 umbilicorum
1309 3042 1674 3104 statuatur
1697 3055 1987 3117 sonans,
2016 3032 2112 3104 ad
2136 3032 2438 3105 alterum

395 3145 615 3231 auris,
649 3169 869 3218 sonus
904 3145 1236 3218 audietur
1268 3145 1512 3218 multis
1552 3144 1895 3241 gradibus
1946 3148 2175 3242 major
2224 3171 2439 3242 quam

397 3256 474 3329 in
507 3257 668 3330 loco
704 3268 953 3352 aperto
983 3289 1003 3340 ;
1053 3258 1271 3355 idque
1306 3260 1400 3331 ob
1441 3282 1735 3332 causam
1781 3259 2109 3347 eandem,
2143 3271 2439 3355 propter

397 3394 616 3466 quam
669 3370 744 3441 in
806 3369 1059 3442 iisdem
1121 3370 1299 3442 locis
1360 3395 1475 3442 res
1529 3371 2066 3444 combustibiles
2120 3396 2165 3443 a
2222 3372 2437 3445 radiis

396 3481 747 3555 solaribus
781 3483 1330 3555 comburuntur.
1434 3483 1578 3556 Sed
1612 3494 1697 3555 ut
1738 3484 2102 3580 objectum
2136 3484 2435 3573 visibile,

398 3594 475 3666 in
526 3618 674 3667 uno
732 3594 1078 3667 umbilico
1137 3595 1476 3690 positum,
1529 3619 1681 3667 non
1730 3595 2021 3669 videtur
2078 3597 2152 3668 in
2206 3597 2434 3670 altero

398 3706 758 3797 distincte,
816 3717 1208 3803 propterea
1255 3707 1451 3802 quod
1511 3708 1585 3781 in
1648 3709 1845 3781 omni
1903 3709 2115 3798 linea,
2172 3734 2334 3807 quae
2391 3735 2435 3783 a

397 3843 719 3893 concava
776 3819 1154 3914 superficie
1211 3818 1305 3892 ad
1360 3820 1650 3893 oculum
1697 3822 2113 3913 reflectitur,
2147 3823 2436 3898 videtur

397 3934 631 4009 omnis
662 3956 831 4028 pars
873 3933 1165 4029 objecti,
1215 3932 1409 4006 unde
1444 3934 1676 4006 oritur
1707 3934 1885 4009 visio
1940 3936 2280 4020 confusa3
2333 3937 2435 4010 sic

393 4070 631 4143 neque
678 4070 920 4135 sonuS,
968 4047 1093 4142 qui
1148 4070 1278 4142 per
1331 4048 1620 4120 easdem
1665 4048 1988 4122 defertur
2039 4049 2264 4122 lineas
2321 4074 2432 4123 re-

395 4161 640 4250 flean,
684 4158 1120 4232 articulatim
1164 4171 1294 4232 aut
1343 4159 1685 4232 distincte
1735 4161 2091 4234 audietur.
2192 4164 2431 4259 Atque

397 4273 565 4347 inde
603 4273 758 4345 fieri
790 4283 1033 4368 potest
1080 4284 1165 4345 ut
1200 4297 1361 4363 vox,
1415 4297 1577 4368 quae
1611 4273 1688 4346 in
1721 4275 2101 4348 cameratis
2149 4277 2431 4374 templis

594 4407 777 4458 vol..
818 4408 870 4458 1.
2102 4411 2153 4461 n
2183 4412 2233 4461 n
