3182 5102
764 490 870 541 nn
910 491 1154 559 sowo,
1194 493 1502 562 ononis,
1542 494 1886 562 SAPORE,
1927 494 2103 546 E'rc.
2331 479 2473 544 399

399 660 554 733 lum
585 659 787 749 facit,
824 662 998 756 quia
1030 663 1487 759 superficiem
1526 662 1900 736 labrorum
1952 663 2203 736 exiens
2254 662 2475 750 radit,
2566 669 2738 782 ΡΑξῖξ
2775 668 2865 717 IV·

402 797 716 869 quorum
750 776 1027 850 reactio
1078 787 1340 849 contra
1370 776 1521 848 vim
1567 776 1841 848 halitus
1889 800 2039 849 non
2089 786 2203 848 est
2254 774 2479 847 sensi·
2588 769 2834 840 2-4-a

400 886 589 959 bilis.
669 886 948 961 Eadem
983 898 1227 961 autem
1262 912 1482 960 causa
1507 901 1617 964 est
1654 912 1879 985 quare
1917 889 2213 961 sibilant
2245 887 2474 961 venti.

405 1001 592 1073 Item
646 1000 710 1072 si
763 999 908 1072 duo
966 1025 1278 1097 corpora
1319 1001 1789 1097 quantumvis
1837 1000 2021 1073 dura
2071 1025 2242 1073 cum
2272 1024 2479 1096 pres-

403 1113 607 1186 sione
667 1111 1020 1186 mediocri
1071 1113 1597 1203 confricentur,
1660 1137 1882 1187 sonus
1931 1138 2149 1210 quem
2200 1114 2483 1187 faciunt

403 1226 657 1300 sibilus
706 1237 864 1310 est3
919 1226 1170 1298 sibilus
1219 1237 1464 1299 autem
1516 1226 1809 1323 quando
1864 1228 1951 1299 fit
2005 1227 2098 1299 ab
2152 1251 2318 1300 aere
2368 1250 2483 1300 ra-

407 1340 650 1428 dente,
705 1352 791 1412 ut
845 1339 1184 1430 diximuS‚
1249 1341 1577 1436 corporis
1645 1341 1952 1436 alicujus
2010 1340 2176 1413 duri
2229 1364 2484 1437 super-

404 1454 669 1543 ficiem,
703 1477 854 1525 non
890 1452 1185 1554 videtur
1217 1453 1417 1526 aliud
1454 1477 1633 1542 esse,
1672 1478 1892 1548 quam
1925 1452 2114 1525 aeris
2144 1453 2221 1525 in
2259 1453 2483 1526 exiles

406 1580 483 1641 et
526 1567 949 1640 innumeras
1000 1578 1246 1663 partes
1304 1567 1707 1640 secundum
1751 1566 2293 1663 longitudinem
2338 1566 2487 1640 dis-

408 1681 658 1755 sectio.
722 1681 1100 1778 Asperitas
1128 1681 1324 1753 enim
1347 1681 1761 1776 superficiei
1781 1705 1915 1777 per
1935 1681 2488 1753 innumerarum

408 1795 730 1891 partium
797 1794 1231 1868 eminentias
1290 1818 1535 1868 aerem
1604 1795 2106 1868 incurrentem
2168 1794 2485 1869 dissecat

411 1909 561 1981 sive
599 1907 968 1981 discindit.

509 2030 581 2094 4.
664 2020 1031 2116 Strepitus
1098 2030 1371 2109 autem,
1431 2019 1582 2092 sive
1659 2043 1882 2094 sonus
1946 2044 2166 2117 quem
2232 2022 2491 2095 vocavi
2518 2033 2633 2082 Soui
2659 2032 2782 2110 elftri⁸

413 2135 714 2223 clarum,
773 2134 862 2206 fit
904 2157 1054 2205 uno
1108 2132 1330 2206 modo
1386 2156 1478 2205 ex
1527 2134 1886 2229 oppositis
1945 2133 2196 2222 sibilis,
2261 2134 2489 2209 altero
2516 2098 2899 2224 ῗζιζῖῗζάιῖἓᾱε.

412 2249 634 2322 modo
696 2246 990 2344 quando
1065 2246 1376 2319 duorum
1447 2271 1845 2343 corporum
1915 2247 2293 2321 collisione
2361 2262 2491 2323 aut

415 2362 819 2436 divulsione
863 2360 1107 2433 subita
1152 2361 1534 2456 particulae
1571 2384 1829 2434 eorum
1878 2361 2119 2434 subito
2167 2386 2492 2436 commo-

414 2487 701 2565 ventur,
722 2474 838 2548 vel
862 2485 1246 2546 commotae
1274 2474 1516 2546 subito
1539 2498 1617 2547 se
1638 2474 2034 2547 restituunt
2059 2506 2077 2560 ;
2107 2487 2493 2573 motusque

414 2590 477 2663 is
521 2589 1052 2685 particularum
1105 2588 1347 2661 medio
1403 2588 1800 2685 impressus
1845 2588 1942 2661 ad
1980 2589 2328 2663 audiendi
2379 2614 2496 2663 or-

414 2727 689 2798 ganum
722 2725 957 2798 usque
1007 2713 1456 2799 propagatus
1512 2713 1670 2787 est;
1725 2726 2061 2799 cumque,
2098 2703 2174 2774 in
2210 2727 2299 2775 ea
2348 2703 2498 2776 col-

416 2816 672 2889 lisione
728 2816 845 2889 vel
908 2815 1342 2906 divulsione,
1398 2826 1707 2889 conatus
1759 2816 1954 2889 inest
2000 2815 2075 2889 in
2122 2815 2499 2911 particulis

417 2929 633 3002 unius
669 2928 994 3023 corporis
1030 2929 1350 3018 conatui,
1384 2929 1510 3024 qui
1529 2939 1643 3002 est
1667 2929 1745 3001 in
1770 2929 2147 3025 particulis
2174 2928 2497 3019 alterius,

421 3042 858 3131 contrarius,
928 3041 1058 3114 fiet
1120 3043 1343 3115 etiam
1403 3041 1658 3114 similis
1732 3053 2149 3131 conatuum,
2218 3041 2298 3113 id
2363 3052 2497 3132 est,

422 3168 752 3229 motuum
801 3155 1168 3250 oppositio
1227 3155 1304 3227 in
1358 3179 1636 3251 organo
1689 3154 2057 3227 audiendi.
2162 3154 2380 3227 Unde
2424 3167 2501 3228 et

422 3292 644 3343 sonus
679 3267 853 3342 inde
886 3269 1183 3364 genitus
1218 3292 1264 3341 a
1297 3269 1584 3342 duobus
1618 3269 1747 3340 fiet
1778 3268 2097 3341 motibus
2123 3269 2498 3365 oppositiS,

422 3384 501 3457 id
533 3395 668 3472 est,
720 3407 766 3456 a
799 3382 1085 3455 duobus
1121 3382 1350 3455 sibilis
1386 3382 1772 3455 contrariis
1822 3381 1900 3454 in
1938 3405 2090 3454 una
2120 3392 2195 3454 et
2244 3381 2501 3453 eadem

423 3509 633 3594 parte
701 3495 986 3592 organi.
1119 3496 1389 3569 Sibilus
1449 3497 1668 3582 enim,
1729 3506 1813 3567 ut
1872 3495 2092 3568 modo
2161 3495 2499 3584 diximuS,

422 3620 707 3684 motum
732 3609 952 3681 unius
986 3618 1281 3681 tantum
1317 3609 1647 3704 corporis
1680 3608 2026 3703 supponit
2060 3607 2499 3681 sensibilem.

422 3726 556 3797 Est
581 3733 827 3796 autem
855 3721 947 3793 ab
982 3720 1127 3794 hoc
1162 3733 1498 3794 motuum
1529 3722 1607 3793 in
1634 3744 1913 3817 organo
1944 3745 2277 3809 occursu,
2306 3720 2504 3817 quod

425 3859 735 3932 corpora
755 3835 1001 3908 subito
1028 3834 1280 3908 collisa
1299 3835 1416 3907 vel
1438 3834 1773 3907 diffracta
1791 3834 2133 3907 videntur
2153 3846 2501 3931 strepere.

529 3958 599 4022 5.
675 3948 962 4023 Quibus
1023 3948 1413 4036 concessiS,
1476 3947 1792 4042 fragoris
1845 3970 1891 4018 a
1945 3947 2226 4020 tonitru
2286 3971 2505 4020 causa
2529 3960 2870 4010 Sonusatoni·

425 4086 586 4135 esse
632 4071 897 4158 potest,
945 4060 1308 4157 siquidem
1350 4060 1665 4133 tonitrus
1697 4083 1848 4132 non
1880 4060 1968 4132 fit
2013 4060 2155 4133 nisi
2208 4084 2253 4133 a
2284 4060 2504 4134 vehe-
2526 4036 2687 4152 ἱᾞιῖἑ,
2704 4028 2893 4142 Zabi?-

426 4188 675 4248 mente
710 4174 897 4246 aeris
929 4197 970 4245 e
1006 4173 1556 4271 congelatamm
1590 4172 1893 4244 nubium
1931 4174 2262 4247 cavernis
2289 4199 2504 4271 erup-

427 4290 654 4375 tione,
737 4286 965 4382 ipsius
1035 4285 1297 4382 glaciei
1364 4286 1608 4359 subita
1674 4285 2059 4359 diffractio.
2183 4287 2502 4362 Necesse

432 4403 628 4475 enim
681 4410 795 4473 est
851 4399 928 4471 in
983 4423 1073 4473 ea
1127 4401 1442 4490 actione,
1496 4424 1649 4474 non
1704 4400 1923 4473 modo
1983 4411 2068 4473 ut
2123 4403 2502 4497 particulae
