3182 5102
758 432 903 496 412
1603 443 1985 497 PanmA.

384 621 559 671 PARS
584 619 672 671 IV·
762 635 930 685 cum
979 611 1274 707 linguae,
1320 610 1569 706 palati,
1625 622 1703 683 et
1749 612 2038 684 narium
2081 634 2231 685 una
2280 610 2678 708 eademque
2727 614 2823 688 sit

407 689 690 794 κ-Ξέ--ν
761 724 1079 799 cuticula
1110 724 1482 813 continua,
1517 748 1563 796 a
1597 725 1938 821 meninge
1975 724 2158 797 dura
2192 724 2538 798 derivata.

855 839 966 910 Ex
1012 861 1100 910 eo
1135 860 1308 910 vero
1355 837 1556 932 quod
1600 849 1860 934 gustus
1895 862 2045 911 non
2079 838 2235 927 fiat,
2283 838 2423 911 nisi
2472 838 2600 913 ubi
2651 864 2823 912 con-

757 951 966 1047 tigua
1016 962 1187 1023 sunt
1239 973 1598 1047 organum
1646 961 1722 1023 et
1765 951 2158 1046 objectum,
2211 952 2676 1025 manifestum
2710 966 2818 1026 est

755 1066 832 1138 in
866 1089 1080 1138 sensu
1113 1065 1455 1161 gustandi
1490 1065 1776 1137 effluvia
1810 1065 2011 1161 quod
2044 1077 2267 1161 agant
2299 1066 2480 1138 nihil
2514 1090 2691 1139 esse.

857 1178 1026 1253 Qua
1050 1189 1378 1250 motuum
1407 1176 1827 1251 diversitate
1851 1178 2138 1251 diversa
2161 1203 2501 1275 saporum
2522 1204 2814 1276 genera,

756 1317 921 1390 quae
1003 1303 1173 1364 sunt
1255 1291 1837 1380 innumerabilia,
1925 1291 2469 1387 distinguantur
2544 1292 2813 1366 nescio.

755 1407 1048 1481 Possem
1098 1429 1264 1477 cum
1314 1404 1496 1493 aliis,
1549 1429 1595 1476 a
1628 1404 2046 1477 diversitate
2080 1406 2482 1501 figurarum
2534 1420 2813 1480 atomo-

753 1545 939 1609 rum,
969 1544 1058 1592 ex
1081 1519 1343 1616 quibus
1368 1518 1940 1613 unumquodque
1961 1519 2292 1614 sapidum
2321 1520 2811 1609 constituitur,

751 1634 867 1708 vel
895 1658 940 1705 a
959 1633 1260 1706 diversis
1292 1632 1638 1720 motibus,
1665 1656 1846 1726 quos
1873 1631 2012 1704 illis
2046 1633 2332 1721 atomis,
2358 1657 2491 1730 per
2515 1634 2812 1706 modum

751 1746 1288 1843 suppositionis,
1345 1745 1742 1818 attribuere
1793 1769 2103 1841 possem,
2160 1770 2306 1818 non
2359 1747 2513 1819 sine
2561 1747 2811 1819 verisi-

749 1859 1160 1933 militudine
1201 1859 1445 1954 aliqua
1472 1858 1910 1953 conjectari:
1966 1858 2321 1948 dulcibuS,
2358 1871 2640 1932 motum
2671 1862 2810 1934 cir-

749 1973 1071 2047 cularem
1124 1972 1403 2044 lentum
1458 1984 1531 2043 et
1564 1973 1837 2068 figuras
1883 1972 2272 2067 sphaericas
2320 1996 2498 2061 esse,
2552 1975 2809 2071 quibus

748 2086 1110 2159 mulcetur
1175 2107 1576 2181 organum:
1664 2084 1955 2171 amariS,
2036 2097 2315 2158 motum
2383 2086 2808 2160 circularem

746 2201 1252 2273 vehementem
1304 2209 1380 2270 et
1411 2198 1682 2293 figuras
1733 2198 2140 2293 angulosas,
2178 2198 2437 2294 quibus
2471 2200 2810 2272 atteritur

746 2336 1145 2407 organum:
1224 2311 1473 2399 acidiS,
1541 2322 1825 2383 motum
1878 2322 2160 2382 rectum
2222 2322 2298 2384 et
2355 2312 2807 2408 reciprocum

742 2426 1158 2520 figurasque
1226 2424 1603 2520 oblongaS‚
1690 2424 2075 2497 latitudine
2154 2425 2475 2514 minima,
2546 2428 2805 2521 quibus

741 2538 1165 2611 vulneratur
1193 2561 1593 2634 organum:
1632 2548 1705 2610 et
1733 2537 2067 2611 similiter
2091 2540 2374 2612 caeteris
2402 2542 2798 2637 saporibuS,

742 2650 1015 2747 aliquid
1051 2650 1168 2723 vel
1218 2651 1295 2723 in
1331 2662 1536 2723 motu
1571 2652 1687 2723 vel
1740 2651 1815 2723 in
1849 2652 2102 2748 figuris
2148 2664 2558 2726 atomorum
2592 2679 2801 2728 exco-

740 2762 999 2858 gitare,
1029 2762 1227 2858 quod
1259 2762 1490 2834 videri
1524 2774 1770 2859 posset
1801 2764 2211 2852 verisimile,
2249 2766 2311 2837 si
2343 2767 2798 2864 transfugere

349 2970 357 2978 ἱ
741 2876 1151 2949 statuissem
1185 2900 1230 2947 a
1260 2875 1720 2972 philosophia
1751 2875 1847 2949 ad
1880 2876 2422 2951 divinationem.

357 2987 559 3063 T⁸⁰t¹¹⁸.
585 3001 719 3049 ⁰¹8⁸·
851 2998 961 3062 18.
1013 2990 1251 3062 Tactu
1303 2989 1721 3062 sentiuntur
1774 2989 2005 3062 calida
2061 2990 2354 3085 quidem
2408 3003 2485 3063 et
2533 2991 2799 3088 frigida

356 3067 716 3178 gffiuzrfnnggff’
742 3102 962 3175 etiam
996 3114 1323 3184 remota;
1378 3113 1670 3189 caetera,
1708 3114 1792 3174 ut
1826 3101 2113 3190 durum,
2160 3103 2399 3192 molle,
2435 3127 2792 3199 asperum,

354 3191 709 3243 cognoscuntur
1284 3215 1299 3229 .
1346 3214 1361 3229 .
1617 3216 1632 3230 .

356 3247 539 3308 objecta
568 3248 713 3294 tactui
739 3215 941 3303 laeve,
1010 3240 1160 3288 non
1227 3238 1369 3287 n1s1
1436 3228 1805 3311 contlgua.
1929 3216 2304 3311 Organum
2380 3228 2618 3290 tactus
2685 3228 2797 3289 est

353 3310 710 3425 ssffissffi‘gjg
738 3328 1161 3400 membrana
1193 3327 1537 3422 quaelibet
1560 3327 1885 3423 meningi
1920 3340 2192 3401 tenerae
2226 3329 2594 3418 continua,
2631 3354 2793 3427 quae

353 3441 536 3490 muni*-
734 3465 867 3537 per
926 3451 1167 3514 totum
1233 3463 1496 3535 corpus
1548 3440 1657 3513 ita
1710 3439 1973 3514 diffusa
2029 3453 2163 3530 est,
2230 3453 2316 3516 ut
2368 3442 2568 3514 nulla
2626 3467 2792 3540 pars

735 3554 1062 3651 corporis
1108 3553 1342 3649 premi
1393 3553 1647 3648 possit,
1703 3554 1878 3649 quin
1920 3567 2293 3651 prematur
2342 3555 2564 3629 etiam
2613 3557 2790 3653 ipsa.

738 3667 1167 3740 Sentiuntur
1233 3666 1480 3761 itaque
1536 3690 1698 3761 quae
1768 3680 2132 3763 premunt,
2202 3680 2290 3739 ut
2356 3669 2621 3742 durum
2676 3671 2794 3745 vel

731 3779 974 3869 molle,
1043 3779 1121 3851 id
1187 3789 1321 3868 est,
1383 3779 1614 3874 magis
1668 3778 1783 3851 vel
1841 3779 2080 3852 minus
2136 3780 2421 3854 durum.
2536 3782 2788 3855 Sensio

731 3904 978 3965 autem
1012 3891 1249 3987 asperi
1298 3891 1481 3964 nihil
1515 3891 1715 3964 aliud
1763 3903 1895 3981 est,
1932 3916 2150 3987 quam
2194 3893 2594 3967 innumerae
2627 3919 2786 3969 sen-

730 4005 969 4078 siones
1039 4004 1202 4076 duri
1270 4014 1345 4076 et
1412 4003 1577 4076 duri
1644 4004 1780 4078 sibi
1847 4004 2161 4079 invicem
2215 4017 2289 4078 et
2351 4006 2787 4082 brevissimis

727 4118 1078 4213 temporis
1125 4127 1201 4189 et
1232 4117 1376 4189 loci
1425 4116 1827 4190 intervallis
1875 4117 2444 4193 succedentium.
2532 4121 2786 4216 Itaque

728 4255 1066 4327 asperum
1098 4242 1175 4303 et
1207 4230 1410 4317 laeve,
1446 4229 1634 4302 sicut
1668 4242 1743 4303 et
1775 4230 2203 4327 magnitudo
2237 4242 2313 4303 et
2342 4231 2599 4328 figura,
2634 4257 2784 4306 non

728 4343 883 4416 solo
951 4354 1155 4415 tactu
1226 4343 1354 4414 sed
1422 4343 1774 4415 memoria
1840 4357 2403 4439 cognoscuntur.
2516 4346 2782 4421 Tactus
