3182 5102
1142 490 1249 542 ms:
1287 491 1718 542 Mn'rnono.
2369 473 2465 552 73

398 680 562 754 quae
596 679 893 730 causam
927 667 1004 729 et
1052 657 1610 753 generationem
1660 657 1939 730 habent
1988 675 2121 752 per
2172 678 2467 728 causam

397 783 473 843 et
530 770 1090 867 generationem
1147 770 1564 844 definienda
1624 794 1783 843 esse
1837 770 2029 860 dico,
2083 770 2242 842 haec
2296 780 2460 852 est;

395 883 561 956 finis
618 884 1171 957 demonstrandi
1220 897 1334 958 est
1388 908 1774 958 causarum
1833 895 1910 957 et
1963 881 2459 979 generationis

397 1020 645 1069 rerum
678 996 1011 1085 scientia,
1061 1020 1226 1092 quae
1260 998 1323 1069 si
1357 1021 1510 1070 non
1542 997 1860 1069 habetur
1909 997 1987 1068 in
2022 994 2468 1069 definitioni-

400 1109 560 1199 buS,
611 1109 868 1181 haberi
915 1134 1067 1182 non
1115 1120 1367 1206 potest
1409 1110 1487 1182 in
1535 1110 2008 1183 conclusione
2065 1108 2469 1205 syllogismi

398 1221 593 1294 illius
662 1222 789 1319 qui
857 1246 950 1294 ex
1032 1222 1586 1296 definitionibus
1658 1223 1910 1296 existit
1974 1223 2311 1320 primus;
2392 1232 2470 1293 et

399 1335 761 1432 siquidem
825 1335 904 1407 in
965 1336 1436 1409 conclusione
1504 1336 1765 1433 prima,
1831 1360 1983 1408 non
2034 1335 2466 1432 reperiatur,

400 1472 640 1543 neque
723 1448 800 1520 in
860 1447 1012 1520 ulla
1079 1449 1550 1522 conclusione
1619 1448 2028 1545 reperietur
2092 1448 2467 1538 ulteriore,

400 1561 651 1657 itaque
685 1560 889 1633 nulla
919 1585 1246 1657 unquam
1288 1563 1558 1637 existet
1594 1563 1926 1652 scientia,
1980 1563 2057 1635 id
2108 1562 2309 1658 quod
2358 1572 2471 1634 est

402 1686 665 1748 contra
692 1674 1301 1748 demonstratoris
1338 1700 1644 1772 scopum
1679 1686 1756 1747 et
1792 1675 2200 1748 consilium.

2532 666 2705 716 PARS
2741 668 2784 715 Ι.

510 1797 620 1861 14.
674 1787 1160 1861 Definitiones
1217 1800 1465 1861 autem
1522 1801 1610 1860 ut
1663 1812 1845 1885 quas
1898 1788 2262 1885 principia
2319 1788 2471 1861 sive
2496 1815 2805 1865 Definitionis

2496 1887 2668 1929 natura
2687 1889 2736 1927 et

402 1901 941 1997 propositiones
974 1903 1247 1998 primas
1283 1926 1443 1976 6556
1478 1901 1699 1975 modo
1730 1901 2071 1992 diximuS,
2101 1902 2472 1975 orationes
2499 1946 2724 1995 definitio·

403 2025 599 2102 sunt,
664 2027 737 2086 et
793 2015 967 2110 quia
1032 2016 1382 2089 adhibitae
1465 2028 1640 2089 sunt
1708 2016 1805 2088 ad
1865 2015 2330 2089 excitandam
2396 2015 2474 2088 in

405 2127 649 2201 animo
705 2127 1057 2201 discentis
1110 2129 1420 2227 alicujus
1461 2128 1569 2201 rei
1620 2128 1884 2218 ideam,
1929 2129 1991 2201 si
2026 2129 2225 2224 quod
2267 2129 2334 2200 ei
2367 2129 2475 2201 rei

405 2265 674 2314 nomen
710 2240 1009 2336 aliquod
1043 2241 1474 2338 impositum
1509 2242 1630 2332 sit,
1671 2266 1824 2314 non
1857 2254 2107 2338 potest
2142 2241 2473 2315 definitio

405 2354 605 2426 aliud
656 2378 813 2427 6556
851 2365 1072 2451 quam
1123 2355 1316 2428 illius
1350 2356 1671 2429 nominis
1721 2379 1855 2451 per
1889 2355 2300 2428 orationem
2350 2380 2475 2428 ex-

405 2467 729 2565 plicatio.
845 2467 1223 2564 Siquidem
1271 2480 1520 2541 autem
1572 2492 1844 2541 nomen
1905 2468 2330 2565 impositum
2376 2470 2475 2541 sit

405 2594 709 2679 propter
776 2595 1217 2679 conceptum
1287 2582 1802 2680 compositum,
1873 2608 2026 2656 non
2094 2583 2295 2657 aliud
2360 2598 2473 2657 est

409 2695 739 2768 definitio
769 2720 988 2792 quam
1016 2697 1334 2770 nominis
1370 2697 1562 2770 illius
1597 2697 1676 2770 in
1701 2710 1951 2794 partes
1987 2722 2155 2770 suas
2181 2697 2475 2771 univer-

407 2808 708 2882 saliores
738 2809 1115 2900 resolutio,
1167 2823 1253 2882 ut
1295 2812 1589 2907 quando
1639 2811 2025 2884 definimus
2076 2812 2473 2902 hominem,

410 2921 723 2995 dicendo
812 2922 1020 2994 homo
1101 2933 1218 2995 est
1306 2948 1584 3021 corpu-5·
1664 2923 2068 2998 animatum
2146 2927 2474 2997 sentiens

409 3035 815 3108 rationale.
931 3036 1257 3110 Nomina
1324 3037 1450 3109 illa
1516 3061 1784 3133 corpus
1851 3038 2278 3128 animatum,
2348 3041 2474 3111 διο.

407 3160 654 3244 partes
697 3161 872 3221 sunt
925 3150 1157 3224 totius
1191 3151 1409 3247 hujus
1458 3152 1777 3225 nominis
1832 3152 2039 3224 homo
2063 3181 2091 3234 ,·
2142 3153 2339 3225 unde
2392 3154 2478 3225 fit

408 3276 493 3335 ut
579 3263 1002 3360 hujusmodi
1064 3265 1530 3339 definitiones
1629 3290 1915 3361 semper
1983 3279 2326 3340 constent
2388 3291 2478 3339 ex

409 3400 679 3473 genere
715 3389 791 3450 et
827 3377 1264 3469 differentia,
1304 3380 1412 3452 ita
1457 3391 1544 3453 ut
1576 3380 1827 3476 priora
1879 3381 2180 3453 nomina
2234 3381 2480 3455 omnia

410 3504 681 3586 praeter
731 3491 1069 3563 ultimum
1116 3517 1252 3588 pro
1301 3516 1598 3590 genere,
1646 3493 1987 3567 ultimum
2042 3507 2289 3566 autem
2343 3518 2478 3589 pro

414 3603 828 3677 differentia
857 3606 975 3677 sit.
1048 3607 1270 3680 Quod
1298 3608 1361 3679 si
1389 3632 1660 3681 nomen
1689 3608 1989 3704 aliquod
2015 3608 2481 3681 universalis-

412 3717 678 3790 simum
711 3718 789 3789 in
825 3742 957 3791 suo
991 3743 1263 3815 genere
1298 3721 1418 3810 sit,
1456 3721 1788 3794 definitio
1824 3725 1981 3818 ejus
2017 3735 2355 3795 constare
2392 3747 2481 3794 ex

411 3853 682 3926 genere
717 3841 795 3902 et
842 3830 1257 3906 differentia
1306 3858 1459 3907 non
1509 3847 1803 3931 potest;
1858 3836 1989 3908 sed
2039 3836 2200 3909 fieri
2261 3836 2482 3909 debet

412 3966 545 4038 per
600 3944 1387 4041 circumloquutionem
1447 3948 1898 4043 quamlibet;
1963 3949 2182 4023 modo
2239 3974 2327 4022 ea
2385 3950 2481 4022 ad

412 4056 562 4127 vim
640 4058 958 4131 nominis
1046 4059 1554 4156 explicandam
1619 4062 1935 4134 maxime
2015 4063 2111 4135 sit
2189 4063 2477 4136 idonea.

416 4168 696 4241 Rursus
729 4170 887 4242 fieri
927 4183 1199 4267 potest,
1251 4186 1327 4246 et
1375 4197 1568 4271 saepe
1623 4176 1891 4266 evenit,
1941 4188 2028 4248 ut
2085 4179 2482 4273 conjuncta

415 4280 565 4353 sint
595 4305 828 4377 genus
862 4297 938 4357 et
966 4284 1403 4378 differentia,
1433 4289 1540 4362 ita
1571 4302 1821 4363 tamen
1856 4301 1942 4363 ut
1976 4290 2479 4364 definitionem
