3182 5102
916 535 1085 582 vrrffi
1118 538 1488 584 uonmmffi
1519 536 1948 584 auem-Aluum.
2358 518 2514 581 xxix

402 705 600 768 Anno
638 708 797 771 1637
830 727 977 769 cum
1016 719 1281 791 patrono
1328 706 1396 768 in
1445 705 1712 791 patriam
1761 726 2064 781 reversuS,
2120 704 2510 792 efflagraturi

322 839 505 926 paulo
534 854 676 925 post
704 839 856 903 belli
890 839 1165 904 intestini
1194 838 1494 904 scintillas
1523 840 2023 905 animadvertere
2053 840 2173 905 sibi
2197 841 2361 905 visus
2384 855 2497 905 est.

326 976 572 1063 Nempe
607 977 800 1053 Scoti‚
832 977 1105 1064 depulsis
1133 978 1455 1064 episcopiS,
1490 979 1556 1042 in
1587 980 1829 1067 regiam
1854 980 2241 1065 majestatem
2269 978 2507 1042 invola-

328 1115 500 1191 bant,
550 1114 906 1180 faventibus
954 1115 1209 1180 interim
1258 1117 1658 1203 quibusdam,
1709 1139 1866 1204 quos
1902 1131 2128 1181 vocant
2180 1115 2510 1179 Ministros

334 1250 864 1337 Presbyterianos,
885 1252 1141 1339 Anglis3
1175 1252 1545 1339 turpissimis
1563 1252 1942 1317 seditionum
1961 1251 2244 1318 flabellis.
2294 1251 2511 1326 Quare

330 1386 473 1449 huic
524 1386 707 1463 malo,
751 1403 1062 1476 quantum
1092 1389 1156 1453 in
1188 1412 1254 1453 se
1283 1404 1436 1466 erat,
1470 1388 1930 1454 occurrendum
1962 1402 2154 1465 ratus,
2213 1403 2346 1454 tum
2394 1411 2511 1475 pro

328 1544 440 1586 suo
468 1523 536 1586 in
566 1545 778 1609 regem
808 1524 1011 1589 officio
1048 1539 1241 1611 atque.
1269 1524 1589 1611 obsequie,
1631 1538 1762 1588 tum
1800 1546 1916 1610 pro
1961 1523 2330 1602 decumano,
2377 1546 2505 1610 quo

325 1680 571 1745 semper
600 1659 664 1722 in
696 1658 1142 1724 democraticos
1172 1658 1317 1724 odio
1351 1659 1680 1736 laboravit,
1724 1658 2012 1728 libellum
2055 1660 2303 1745 scripsit
2337 1659 2500 1744 juris

329 1794 485 1881 regii
507 1793 822 1858 asserendi
846 1794 1068 1880 gratia,
1102 1793 1211 1882 qui
1232 1808 1447 1880 postea
1472 1795 1533 1857 in
1558 1793 1797 1859 librum
1828 1800 1930 1861 De
1963 1796 2130 1872 Cive,
2156 1808 2220 1859 et
2245 1793 2501 1859 tandem

328 1930 396 1992 in
432 1933 883 1996 Leviathanem
925 1930 1220 1994 excrevit.
1311 1930 1467 2016 Ejus
1496 1945 1710 1995 autem
1740 1952 1987 1994 summa
2015 1930 2152 1995 haec
2185 1929 2323 2005 fuit,
2370 1929 2506 1993 sine

330 2090 485 2154 pace
536 2068 979 2153 impossibilem
1025 2090 1157 2133 esse
1202 2068 1717 2146 incolumitatem,
1768 2069 1903 2133 sine
1951 2068 2215 2155 imperio
2269 2089 2507 2154 pacem,

330 2202 466 2267 sine
507 2204 698 2268 armis
740 2203 1092 2290 imperium,
1148 2204 1281 2269 sine
1318 2204 1543 2291 opibus
1601 2204 1666 2267 in
1718 2226 1909 2268 unam
1960 2226 2218 2268 manum
2272 2203 2511 2269 collatis

332 2339 489 2403 nihil
520 2339 727 2405 valere
754 2363 951 2421 arma,
980 2364 1186 2428 neque
1218 2356 1389 2406 metu
1420 2363 1740 2405 armorum
1787 2340 2121 2428 quicquam
2169 2340 2251 2405 ad
2294 2362 2511 2427 pacem

331 2475 552 2563 profici
599 2498 777 2563 posse
828 2476 895 2540 in
946 2476 1084 2554 illis,
1142 2499 1298 2565 quos
1350 2476 1432 2541 ad
1483 2475 1899 2565 pugnandum
1952 2475 2226 2540 concitat
2276 2475 2512 2540 malum

332 2628 538 2678 morte
566 2613 765 2700 magis
808 2612 1317 2690 formidandum3
1364 2635 1612 2699 nempe,
1643 2611 1796 2676 dum
1837 2634 2210 2676 consensum
2259 2635 2384 2677 non
2433 2613 2514 2677 sit

332 2750 415 2814 de
446 2750 518 2814 iis
550 2750 756 2826 rebus,
789 2771 935 2837 quae
965 2749 1048 2814 ad
1076 2749 1340 2815 salutem
1386 2763 1690 2814 aeternam
1735 2750 2099 2814 necessariae
2146 2748 2510 2827 creduntur,

333 2910 556 2974 pacem
585 2887 752 2950 inter
779 2886 943 2952 cives
974 2908 1102 2950 non
1134 2908 1312 2971 posse
1340 2908 1473 2950 esse
1502 2884 1888 2949 diuturnam.

426 3023 699 3100 Interea,
754 3023 921 3088 coelo
971 3021 1339 3087 criminibus
1389 3023 1617 3087 nostris
1658 3021 1921 3099 infense,
1971 3034 2039 3085 et
2084 3020 2259 3085 fatali
2307 3020 2515 3107 gentis

336 3173 572 3223 nostrae
604 3158 968 3235 infortuni0,
999 3157 1347 3245 gliscebant
1365 3157 1564 3222 indies
1583 3155 1855 3221 infelicia
1871 3155 2223 3220 animorum
2245 3155 2514 3220 dissidia.

340 3295 567 3359 Tertio
610 3316 808 3359 nonas
854 3295 1232 3359 Novembris
1280 3295 1432 3359 anni
1484 3299 1671 3371 1640,
1725 3293 2033 3357 indictum
2083 3306 2178 3355 est
2225 3291 2517 3379 generale

336 3431 641 3496 ordinum
671 3431 849 3518 regni
880 3430 1233 3508 concilium,
1267 3430 1439 3518 quod
1467 3429 1636 3517 apud
1661 3451 1774 3494 nos
1808 3428 2301 3492 Parliamentum
2339 3451 2518 3494 voca-

338 3585 471 3648 tur,
501 3568 611 3633 ubi
645 3568 708 3631 in
755 3568 903 3655 ipsis
946 3568 1140 3632 initiis
1191 3590 1273 3632 ex
1324 3567 1569 3655 ingenti
1622 3568 1898 3654 partium
1949 3580 2127 3645 aesm,
2180 3589 2262 3630 ne
2313 3566 2517 3632 dicam

336 3703 555 3768 furore
587 3704 881 3792 quodam,
932 3704 1128 3769 civilis
1171 3704 1322 3769 belli
1369 3704 1647 3769 miserias
1699 3703 2029 3767 imminere
2076 3704 2518 3789 praesentiens3

334 3839 640 3926 aliosque,
695 3840 804 3926 qui
850 3840 957 3926 jus
1006 3840 1251 3927 regium
1280 3854 1801 3928 propugnassent,
1854 3838 2145 3905 libertate
2190 3840 2521 3905 mulctatos

334 3972 582 4051 videnS,
631 3975 898 4059 patriam
946 3976 1065 4041 sibi
1118 3976 1389 4041 intutam
1438 3990 1632 4052 ratus,
1692 3975 1960 4039 Parisios
2006 3997 2073 4039 se
2123 3975 2187 4039 in
2235 3976 2518 4063 quietum

333 4108 696 4175 studiorum
724 4133 1030 4176 secessum
1060 4113 1312 4199 recepit.

434 4245 735 4310 Florebat
755 4260 908 4311 tunc
928 4250 1225 4335 temporis
1245 4250 1397 4314 urbs
1415 4248 1525 4313 illa
1541 4248 1784 4336 ingenti
1803 4246 2302 4312 doctissimorum
2320 4245 2522 4309 homi-

341 4404 503 4445 num
515 4381 891 4469 frequentia,
909 4383 1020 4470 qui
1038 4383 1376 4449 immortali
1396 4383 1872 4449 eminentissimi
1886 4381 2238 4449 Cardinalis
2255 4378 2523 4446 Richelii

343 4518 790 4584 munificentia
818 4522 1103 4606 permoti,
1149 4521 1235 4587 ad
1260 4536 1425 4586 artes
1464 4544 1536 4587 ac
1580 4520 1886 4598 scientias,
1925 4536 1990 4586 et
2028 4517 2524 4604 unumquodque
