3182 5102
749 446 832 510 14
1015 455 1023 463 ·
1214 459 1744 511 COMPUTATIO
1786 459 1973 509 slva
2013 457 2335 509 LOGICA.

387 661 564 711 PARS
592 660 634 708 1.
741 660 923 734 quas
950 639 1305 711 memoria
1336 651 1695 712 tenemus.
1791 638 2241 711 Definiemus
2274 636 2503 733 igitur
2539 659 2809 709 nomen

367 729 615 831 »ζ’-μ
739 751 883 824 hoc
917 752 1160 825 modu.

416 890 642 967 Nomina
840 874 912 937 4.
974 865 1262 938 Nomen
1318 876 1433 938 est
1483 890 1626 938 vox
1680 865 1999 937 humana
2054 863 2439 936 arbitratu
2492 862 2809 934 hominis

415 956 665 1003 D⁰fl¹¹¹t¹⁰‘
744 976 1114 1064 adhibita,
1163 987 1245 1049 ut
1297 978 1402 1049 sit
1447 988 1626 1050 nota
1687 1002 1838 1075 qua
1890 976 2344 1075 cogitationi
2380 975 2807 1073 proeteritae

743 1090 1115 1188 cogitatio
1149 1089 1421 1163 similis
1448 1090 1526 1162 in
1560 1090 1803 1163 animo
1838 1090 2169 1162 excitari
2184 1089 2467 1187 possit,
2503 1113 2810 1185 quoeque

742 1202 819 1275 in
856 1203 1197 1276 oratione
1232 1203 1636 1302 disposita,
1675 1212 1750 1275 et
1786 1203 1896 1274 ad
1925 1202 2123 1276 alios
2158 1201 2478 1299 prolata
2512 1202 2808 1299 signum

742 1315 843 1387 iis
897 1315 1002 1388 sit
1053 1315 1306 1412 qualis
1358 1316 1730 1414 cogitatio
1778 1315 1853 1387 in
1909 1315 2078 1413 ipso
2120 1314 2572 1413 proferente
2606 1338 2809 1411 proe·

743 1429 971 1502 cessit
1005 1428 1125 1502 vel
1156 1455 1299 1503 non
1322 1430 1748 1527 praecessit.
1855 1429 2078 1503 Quod
2104 1441 2353 1502 autem
2387 1427 2690 1502 nomina
2713 1429 2806 1499 ab

740 1541 1047 1615 arbitrio
1080 1543 1463 1616 hominum
1497 1555 1664 1617 orta
1708 1566 1868 1616 esse
1916 1542 2449 1640 supposuerim,
2485 1565 2644 1615 rem
2676 1542 2809 1613 mi-

738 1656 937 1728 nime
990 1655 1289 1730 dubiam
1337 1657 1723 1730 brevitatis
1765 1681 1987 1730 causa
2036 1655 2308 1729 assumi
2351 1679 2567 1753 posse
2611 1655 2809 1750 judi-

742 1770 946 1854 cavi3
1026 1771 1144 1843 cui
1201 1770 1419 1859 enim,
1477 1770 1605 1866 qui
1658 1771 1885 1843 verba
1938 1770 2270 1866 quotidie
2328 1793 2522 1841 nova
2578 1768 2805 1856 nasci,

738 1894 992 1956 vetera
1017 1883 1318 1972 aboleri,
1350 1882 1640 1956 diversa
1660 1882 1966 1956 diversis
1985 1882 2330 1979 gentibus
2352 1882 2429 1954 in
2455 1904 2595 1955 usu
2624 1904 2806 1970 esse,

740 1995 1056 2092 denique
1091 1996 1218 2092 qui
1251 1995 1446 2068 inter
1472 2019 1591 2068 res
1621 2007 1698 2067 et
1724 1996 1950 2069 verba
1983 2019 2221 2091 neque
2257 1993 2807 2068 similitudinem

738 2132 923 2198 esse,
984 2132 1223 2204 neque
1279 2109 1904 2203 comparationem
1965 2108 2191 2181 ullam
2243 2108 2532 2180 institui
2590 2130 2807 2204 posse

737 2223 963 2311 videt,
998 2222 1076 2294 in
1111 2222 1436 2295 animum
1469 2223 1721 2295 venire
1753 2233 2002 2318 potest
2029 2233 2332 2294 naturas
2359 2245 2605 2293 rerum
2634 2220 2808 2293 sibi-

736 2335 1069 2431 metipsis
1094 2335 1397 2409 nomina
1422 2360 1556 2408 sua
1580 2336 1980 2431 praebuisse
2006 2334 2030 2407 ἒ
2118 2336 2584 2430 Quamquam
2612 2334 2809 2406 enim

737 2450 1040 2522 nomina
1066 2448 1404 2545 quaedam
1430 2449 1877 2540 animalium,
1901 2449 2354 2545 aliarumque
2375 2471 2622 2520 rerum
2647 2448 2808 2543 qui-

737 2563 876 2635 bus
910 2574 1254 2659 parentes
1287 2562 1528 2636 nostri
1559 2562 1778 2659 primi
1804 2574 2194 2635 uterentur
2221 2562 2556 2635 docuerit
2583 2561 2806 2649 Deus,

739 2701 830 2750 ea
880 2689 1128 2750 tamen
1177 2677 1484 2749 arbitrio
1540 2700 1673 2749 suo
1726 2677 2000 2773 posuit,
2056 2687 2133 2748 et
2189 2687 2449 2771 postea
2501 2688 2661 2748 tum
2714 2673 2811 2747 ad

740 2790 1005 2863 turrim
1041 2790 1292 2878 Babel,
1339 2801 1498 2862 tum
1533 2790 1756 2862 etiam
1790 2789 2242 2885 procedente
2277 2800 2608 2885 tempore
2641 2812 2808 2885 pas-

741 2903 879 2976 sim
912 2903 991 2975 in
1028 2902 1585 2975 desuetudinem
1621 2915 1697 2974 et
1732 2902 2177 2975 oblivionem
2219 2902 2584 2992 abierunt,
2632 2902 2809 2975 alia-

739 3040 883 3111 que
917 3016 995 3088 in
1029 3038 1285 3088 eorum
1316 3014 1586 3104 locum,
1630 3015 1938 3088 arbitrio
1980 3015 2362 3089 hominum
2397 3016 2700 3089 inventa
2732 3027 2809 3087 et

736 3141 1037 3226 recepta
1069 3140 1604 3202 successerunt.

836 3243 1063 3316 Porro
1116 3242 1559 3338 quicumque
1607 3241 1830 3338 vulgo
1879 3242 2408 3315 vocabulorum
2458 3265 2632 3314 usus
2685 3242 2804 3330 sit,

733 3355 1191 3452 philosophis
1226 3366 1474 3427 tamen
1510 3354 1637 3450 qui
1686 3353 2070 3428 scientiam
2118 3378 2324 3427 suam
2373 3354 2535 3427 aliis
2579 3355 2806 3428 tradi-

736 3468 886 3541 turi
923 3479 1118 3557 sunt,
1149 3467 1450 3540 nomina
1477 3467 1572 3539 ad
1601 3492 1857 3541 sensus
1892 3491 2062 3541 suos
2092 3467 2614 3564 significandos
2643 3493 2807 3564 quae

733 3581 1126 3670 voluerint,
1177 3581 1399 3654 modo
1452 3604 1529 3653 se
1562 3580 1876 3676 intelligi
1917 3580 2194 3653 faciant
2243 3580 2641 3654 adhibendi
2673 3607 2806 3678 po-

735 3706 964 3768 testas
1019 3718 1328 3790 semper,
1392 3694 1617 3766 etiam
1677 3693 2079 3766 necessitas
2142 3693 2583 3791 quandoque
2637 3694 2803 3784 fuit,

734 3819 959 3904 atque
1011 3809 1174 3881 erit.
1290 3808 1481 3879 Nam
1543 3807 2107 3897 mathematiciS,
2161 3819 2247 3880 ut
2302 3809 2577 3903 figuras
2625 3833 2672 3881 a
2725 3832 2803 3882 se

735 3922 1071 3995 inventas
1108 3920 1552 4018 parabola-3,
1600 3920 2082 4019 hyperbolaS,
2133 3920 2565 4011 cissoeideS,
2617 3947 2803 4018 qua-

735 4036 1145 4124 dratriceS,
1208 4033 1341 4127 ἅτ.
1404 4034 1884 4131 appellarent,
1945 4034 2063 4107 vel
2114 4046 2202 4107 ut
2255 4034 2802 4129 magnitudines

734 4148 1205 4221 nominarent
1230 4147 1447 4220 aliam
1475 4148 1565 4237 A,
1597 4147 1814 4220 aliam
1851 4147 1935 4237 B,
1971 4171 2124 4221 non
2159 4157 2318 4219 erat
2351 4170 2398 4220 a
2430 4170 2802 4244 quoquam

734 4261 1276 4358 impetrandum
1309 4260 1453 4334 nisi
1486 4286 1533 4336 a
1564 4285 1644 4336 se
1677 4261 1878 4358 ipsiS.
