3182 5102
786 429 932 495 228
1270 442 1377 496 DE
1418 445 1938 500 RA'rionus
1980 442 2374 501 Mo'rnUM.

436 613 609 662 PARS
643 615 741 664 ¹1¹·
785 612 1143 686 ordinatae
1211 613 1287 685 in
1355 614 1888 710 semiparabola
1954 615 2447 713 designabunt
2512 626 2856 711 perpetua

537 682 612 727 18.

459 750 708 784 *ἡ*
785 729 1238 800 incrementa
1305 728 1646 824 impetuS,
1725 728 1962 803 donec
2039 732 2170 803 fiat
2242 730 2646 802 maximus:
2735 727 2852 822 qui

364 819 509 867 Datae
524 819 665 867 lineae
684 836 759 883 pa-

363 885 581 932 „boliw
598 902 758 946 ww,
784 839 1145 913 maximus
1180 841 1494 936 impetus
1530 842 1959 939 designatur
2012 868 2057 916 a
2109 844 2283 915 base
2319 843 2385 915 D
2415 842 2495 915 C.
2605 843 2855 938 Itaque

364 948 459 997 ¹²¹¹¹
504 951 727 997 ‘xffib‘ff‘
786 953 1163 1049 supposito
1201 954 1400 1050 quod
1437 968 1678 1028 motus
1731 956 1829 1028 sit
1876 956 2286 1045 uniformis,
2340 980 2609 1052 corpus
2662 955 2854 1052 quod

360 1023 555 1064 rectam.

787 1080 897 1140 est
931 1067 1008 1140 in
1044 1068 1133 1155 A,
1169 1079 1501 1163 tempore
1534 1069 1591 1141 F
1614 1069 1707 1157 K,
1741 1081 2044 1166 propter
2077 1093 2516 1142 concursum
2551 1069 2856 1142 duorum

785 1192 1120 1255 motuum
1185 1181 1664 1254 uniformium
1729 1182 1807 1255 in
1862 1184 1931 1256 A
1952 1184 2008 1254 F
2074 1192 2151 1256 et
2208 1184 2263 1254 F
2290 1184 2382 1272 K,
2453 1183 2861 1255 movebitur

784 1294 1248 1368 uniformiter
1314 1295 1391 1367 in
1459 1297 1528 1369 A
1550 1296 1644 1368 K.
1745 1297 1840 1369 Et
1909 1297 1976 1368 K
2000 1297 2066 1370 Ο
2134 1296 2275 1369 erit
2327 1297 2859 1369 incrementum

785 1409 1100 1503 impetus
1160 1409 1278 1481 vel
1330 1409 1741 1482 velocitatis
1795 1410 2136 1506 acquisiti
2168 1422 2501 1506 tempore
2536 1412 2592 1483 F
2621 1412 2737 1493 1(;
2790 1420 2861 1483 et

787 1526 853 1596 A
879 1524 945 1597 Ο
1006 1523 1462 1596 describetur
1514 1523 1978 1597 uniformiter
2032 1549 2077 1596 a
2129 1548 2496 1598 concursu
2548 1524 2861 1597 duorum

784 1649 1118 1710 motuum
1152 1637 1631 1709 uniformium
1680 1662 1814 1733 per
1866 1640 1932 1710 A
1963 1639 2018 1709 F
2069 1650 2142 1710 et
2196 1639 2251 1709 F
2276 1638 2365 1727 O,
2422 1638 2498 1709 in
2533 1648 2863 1733 tempore

787 1752 842 1822 F
863 1752 952 1822 O.
1057 1752 1122 1822 A
1176 1763 1451 1845 puncto
1513 1752 1579 1822 Ο
1636 1750 1946 1823 ducatur
2013 1753 2079 1823 Ο
2103 1752 2162 1824 L
2226 1751 2576 1847 parallela
2641 1763 2863 1823 rectae

785 1866 843 1935 E
869 1864 949 1945 C,
989 1888 1244 1935 secans
1281 1864 1346 1934 A
1370 1864 1428 1935 C
1463 1864 1539 1935 in
1564 1864 1667 1947 L;
1706 1877 1777 1937 et
1814 1865 1874 1937 L
1910 1865 1978 1935 N
2014 1864 2362 1960 parallela
2395 1864 2461 1937 D
2487 1866 2567 1954 C,
2606 1886 2860 1937 secans

785 1979 845 2050 E
870 1978 928 2049 C
963 1977 1035 2048 in
1077 1977 1172 2064 N,
1228 1989 1301 2048 et
1352 1976 1621 2049 lineam
1655 1977 2150 2073 parabolicam
2186 1978 2264 2051 in
2302 1979 2407 2068 Μ,
2462 1989 2536 2051 et
2585 1977 2860 2074 produ-

785 2101 995 2163 catur
1045 2114 1136 2163 ex
1189 2090 1420 2162 altera
1450 2101 1661 2185 parte
1707 2090 1802 2162 ad
1854 2092 1920 2162 A
1943 2090 2009 2162 D
2043 2091 2119 2163 in
2158 2091 2236 2174 I;
2291 2103 2652 2187 eruntque
2713 2091 2862 2175 IN,

788 2206 818 2276 I
845 2205 950 2293 M,
980 2215 1053 2276 et
1091 2205 1121 2275 I
1147 2204 1229 2291 L,
1251 2226 1384 2298 per
1406 2204 2031 2275 constructionem
2051 2205 2446 2299 parabolae,
2475 2206 2551 2277 in
2576 2205 2865 2278 ratione

785 2318 1159 2404 continua,
1196 2329 1269 2388 et
1305 2317 1623 2412 aequales
1657 2316 1892 2389 tribus
1913 2318 2136 2389 rectis
2173 2319 2228 2389 F
2252 2319 2352 2406 H,
2391 2319 2448 2389 F
2472 2318 2548 2408 P,
2585 2330 2660 2391 et
2700 2319 2861 2407 FO,

786 2431 1093 2526 singulae
1129 2429 1483 2524 singulis3
1539 2440 1614 2501 et
1647 2441 1872 2513 recta,
1925 2453 2087 2525 quae
2140 2432 2235 2503 sit
2286 2442 2507 2504 rectae
2557 2432 2703 2505 EC
2738 2457 2861 2529 pa-

786 2544 1038 2618 rallela
1068 2542 1436 2616 transiens
1487 2566 1623 2639 per
1682 2542 1788 2630 M,
1846 2543 2121 2616 incidet
2177 2544 2252 2616 in
2311 2544 2388 2633 P,
2443 2557 2519 2618 et
2549 2546 2861 2641 proinde

786 2661 851 2732 Ο
876 2659 932 2731 Ρ
986 2659 1124 2731 erit
1184 2658 1717 2729 incrementum
1770 2658 2084 2753 impetus
2136 2659 2477 2754 acquisiti
2531 2671 2862 2757 tempore

787 2777 842 2847 F
863 2775 928 2846 Ο
962 2773 1080 2845 vel
1115 2772 1254 2844 IL.
1361 2771 1739 2843 Postremo
1774 2772 2225 2867 producatur
2267 2773 2322 2846 P
2343 2773 2426 2845 M
2463 2773 2559 2845 ad
2594 2773 2653 2846 C
2681 2775 2751 2846 D
2785 2775 2858 2846 in

787 2889 880 2977 Q,
935 2888 1217 2982 eritque
1276 2885 1348 2959 Q
1371 2886 1429 2959 C
1480 2886 1596 2958 vel
1667 2887 1747 2957 M
1773 2885 1844 2957 N
1914 2885 2032 2958 vel
2099 2887 2159 2958 P
2185 2887 2257 2958 H
2328 2887 2863 2960 incrementum

785 3003 1099 3097 impetus
1164 2999 1715 3095 proportionale
1783 2999 2098 3094 tempori
2165 3000 2222 3072 F
2245 3000 2301 3072 P
2365 3000 2482 3072 vel
2551 3002 2690 3073 ΙΜ
2748 3000 2861 3073 vel

784 3116 850 3189 D
876 3116 970 3190 Q.
1027 3114 1486 3209 Supponitur
1514 3114 1666 3208 jam
1705 3123 1950 3184 motus
1986 3112 2373 3185 uniformis
2406 3114 2498 3186 ab
2538 3115 2609 3186 H
2647 3114 2745 3186 ad
2780 3115 2859 3201 C,

782 3231 858 3303 in
894 3240 1228 3325 tempore
1267 3227 1323 3299 P
1348 3227 1446 3298 H.
1536 3227 1907 3301 Quoniam
1960 3250 2136 3322 ergo
2190 3227 2267 3299 in
2318 3240 2651 3323 tempore
2702 3228 2858 3314 FP,

781 3354 989 3417 motu
1022 3342 1394 3430 uniformi,
1431 3354 1505 3415 et
1545 3343 1825 3439 impetu
1852 3352 2224 3415 crescente
2247 3343 2321 3415 in
2357 3344 2644 3415 ratione
2676 3354 2862 3415 tem-

780 3481 1068 3554 porum,
1106 3456 1546 3529 describitur
1579 3468 1785 3528 recta
1816 3457 1885 3529 A
1907 3455 1986 3544 P,
2023 3468 2096 3529 et
2129 3456 2413 3551 reliquo
2435 3467 2767 3552 tempore
2790 3467 2859 3528 et

780 3573 1086 3666 impetu,
1107 3569 1455 3641 nimirum
1478 3580 1811 3665 tempore
1834 3580 1908 3641 et
1930 3569 2209 3664 impetu
2231 3569 2398 3658 PH,
2424 3569 2860 3642 describitur

783 3686 842 3757 C
867 3685 921 3756 P
1008 3682 1496 3772 uniformiter,
1576 3684 1910 3778 sequitur
1992 3694 2224 3756 totam
2290 3683 2557 3756 lineam
2635 3685 2704 3757 A
2726 3683 2783 3755 P
2803 3684 2859 3756 C

782 3797 1230 3893 descriptam
1268 3820 1427 3868 esse
1463 3796 1744 3891 impetu
1777 3806 1965 3884 toto,
1996 3807 2071 3868 et
2104 3808 2436 3892 tempore
2489 3797 2747 3870 eodem
2783 3799 2857 3870 in

782 3936 928 4007 quo
998 3909 1438 3983 describitur
1502 3910 1702 3982 linea
1765 3909 2187 4005 parabolica
2240 3912 2305 3982 A
2332 3911 2392 3983 Β
2422 3910 2503 3983 C.
2611 3911 2858 3985 Quare

777 4024 974 4097 linea
1009 4027 1075 4097 A
1099 4024 1155 4096 P
1176 4023 1258 4112 C,
1297 4024 1707 4118 composita
1732 4048 1821 4097 ex
1845 4023 2130 4097 duabus
2152 4026 2372 4097 rectis
2406 4026 2474 4097 A
2498 4025 2554 4097 P
2587 4036 2662 4097 et
2698 4025 2753 4098 P
2776 4026 2856 4112 C,

778 4139 1079 4233 aequalis
1116 4149 1228 4211 est
1270 4137 1486 4210 lineae
1536 4138 1981 4233 parabolicae
2033 4140 2099 4210 A
2130 4139 2190 4211 Β
2214 4138 2295 4211 C.
2402 4140 2714 4211 Inventa
2749 4150 2859 4212 est

777 4275 954 4348 ergo
1022 4262 1225 4325 recta
1298 4251 1599 4346 aequalis
1677 4276 1921 4325 curvae
1998 4252 2211 4325 lineae
2289 4252 2857 4349 semiparabolae.

780 4365 1002 4440 Quod
1036 4375 1193 4438 erat
1228 4363 1672 4437 faciendum.
