3182 5102
961 539 1357 592 EPISTOLA
1397 537 1988 591 DEDICATOBIA.

393 745 555 817 quae
623 719 1107 817 philosophiae
1171 731 1345 794 sunt
1411 720 1683 793 rationi
1752 718 2072 791 naturali
2131 717 2568 790 tribuantur.

398 870 620 946 Quod
692 883 893 945 certe
959 871 1236 945 factum
1316 870 1458 944 erit
1526 871 1588 944 si
1654 869 2136 967 philosophiae
2216 869 2578 942 elementa

397 1023 704 1097 seorsim
762 1048 933 1096 vere
988 1035 1065 1097 et
1114 1023 1381 1112 lucide,
1435 1036 1520 1096 ut
1567 1046 1796 1096 conor
1827 1022 2097 1110 facere,
2134 1031 2573 1093 tractavero,

399 1173 657 1269 Itaque
705 1198 888 1247 cum·
908 1175 986 1248 in
1020 1175 1348 1248 sectione
1399 1174 1646 1263 tertia,
1701 1197 1920 1269 quam
1964 1172 2104 1245 tibi
2139 1170 2576 1268 jamdudum

399 1324 673 1397 editam
719 1324 1076 1414 dedicavi,
1125 1326 1456 1419 regimen
1507 1348 1751 1414 omne,
1810 1336 1964 1397 tam
2005 1322 2576 1396 ecclesiasticum

400 1497 620 1569 quam
654 1474 893 1564 civile,
945 1474 1037 1548 ad
1093 1499 1322 1548 unum
1378 1438 1720 1571 idemque
1770 1474 2159 1569 imperium
2214 1495 2574 1546 summum

400 1624 828 1697 firmissimis
861 1626 1288 1715 rationibuS,
1324 1626 1570 1699 Verbo
1607 1625 1876 1699 Divino
1905 1647 2058 1698 non
2094 1635 2579 1721 repugnante,

400 1775 894 1848 revocaverim
927 1807 945 1859 ;
1001 1776 1395 1872 aggredior
1445 1800 1668 1865 nunc,
1708 1774 2209 1850 fundamentis
2259 1773 2582 1870 physicae

398 1924 590 1997 veris
641 1924 982 2021 clareque
1026 1925 1407 2015 ordinatis,
1466 1924 1863 2022 Empusam
1922 1926 2141 1998 istam
2202 1898 2583 2020 metaphy-

402 2075 650 2163 sicam,
704 2097 854 2147 non
905 2074 1325 2170 pugnandO,
1381 2073 1511 2147 sed
1546 2073 1743 2147 diem
1778 2073 2160 2147 inferendo
2212 2085 2582 2146 exterrere

401 2238 620 2321 atque
688 2227 1011 2323 abigere.
1150 2227 1458 2301 Confido
1528 2228 1749 2316 enim,
1819 2226 1881 2298 si
1950 2249 2170 2321 quam
2235 2224 2583 2297 fiduciam

401 2378 657 2475 scripti
703 2378 1089 2452 scribentis
1132 2340 1376 2467 timor,
1426 2378 1895 2475 respectatio,
1948 2376 2353 2450 diffidentia
2398 2400 2584 2471 prae-

405 2539 601 2603 stare
635 2542 903 2626 potest,
939 2530 1017 2602 in
1044 2529 1280 2603 tribus
1313 2528 1542 2603 libelli
1573 2529 1794 2626 hujus
1838 2528 2170 2625 partibus
2215 2498 2585 2625 prioribus

404 2702 494 2750 ex
557 2678 1152 2764 definitionibus3
1232 2681 1311 2753 in
1380 2692 1642 2777 quarta
1707 2704 1797 2752 ex
1856 2679 2381 2776 hypothesibus
2430 2704 2583 2754 non

403 2828 740 2902 absurdis
773 2832 1023 2904 omnia
1068 2856 1224 2905 esse
1258 2832 1587 2928 legitime
1623 2831 2145 2905 demonstrata.
2253 2831 2473 2906 Quod
2524 2833 2585 2904 si

407 3003 555 3075 qua
606 2981 744 3053 tibi
796 2979 1324 3056 demonstratio
1379 2984 1621 3057 minus
1665 2983 1886 3080 plena
1916 2982 2310 3072 videbitur,
2364 3006 2586 3079 quam

405 3141 492 3201 ut
541 3133 774 3226 possit
826 3134 1163 3206 omnibus
1214 3134 1660 3223 satisfacere,
1717 3158 1938 3207 causa
1990 3146 2150 3206 erat
2184 3132 2385 3228 quod
2433 3156 2584 3205 non

408 3282 657 3354 omnia
703 3284 1068 3372 omnibuS,
1105 3285 1235 3358 sed
1289 3286 1538 3382 aliqua
1588 3285 1988 3382 geometris
2040 3284 2211 3357 solis
2265 3284 2585 3358 scribere

406 3436 825 3531 profiterer.
935 3434 1137 3509 Quin
1174 3447 1421 3509 autem
1465 3437 1601 3510 tibi
1645 3435 1892 3508 omnia
1924 3434 2387 3508 satisfactura
2437 3437 2586 3509 sint

415 3585 754 3658 dubitare
787 3608 939 3657 non
971 3609 1292 3681 possum.

509 3737 771 3809 Restat
787 3737 942 3831 jam
964 3736 1193 3810 sectio
1217 3736 1541 3809 secunda
1564 3735 1689 3809 De
1708 3735 2052 3825 Homine,
2078 3737 2283 3832 cujus
2302 3747 2588 3832 partem

411 3911 596 3975 eam,
655 3910 802 3982 qua
848 3897 1208 3960 tractatur
1262 3887 1554 3984 Optica,
1611 3898 1778 3961 octo
1830 3887 2188 3984 capitibus
2238 3889 2588 3984 scriptam

412 4039 957 4133 figurarumque
1011 4038 1317 4134 singulis
1380 4039 1741 4135 capitibus
1800 4038 2429 4135 adjungendamm
2479 4048 2590 4110 ta·-

412 4188 619 4261 bulas
688 4201 863 4262 ante
934 4213 1062 4262 sex
1129 4213 1362 4262 annos
1438 4190 1759 4284 sculptas
1826 4202 2263 4286 paratasque
2328 4189 2588 4262 habe0.

417 4338 721 4427 Caetera,
782 4338 1076 4413 favente
1135 4338 1321 4427 De0,
1382 4349 1464 4413 ut
1525 4350 1807 4434 potero,
1869 4338 2257 4435 adjiciam3
2312 4339 2447 4412 etsi
2499 4338 2593 4411 de
