3182 5102
720 442 851 508 124
1295 463 1854 517 PHILOSOPHIA
1896 469 2181 520 PRIMA.

376 628 554 743 ΡΑῙΙὶξ
584 630 659 682 11·
713 626 1022 717 minata,
1076 629 1193 702 vel
1229 630 1585 704 dimensio
1631 636 1842 729 cujus
1877 638 2174 710 termini
2206 648 2377 711 sunt
2432 651 2566 712 aut
2614 641 2775 714 loco

366 765 648 800 »ἦρ-κ
710 750 842 811 aut
877 745 1434 841 comparatione
1468 746 1732 844 aliqua
1769 751 2077 847 cogniti.

350 856 602 937 Expositiq

346 932 627 983 quanntaun

345 987 459 1049 quid
490 989 566 1039 nit.

275 3940 468 3992 Quibus

269 4007 426 4055 modis
445 4021 587 4069 expo-

268 4079 454 4120 nuntur
471 4071 614 4132 linea,

265 4137 556 4200 superficies,

263 4208 317 4250 et
333 4202 556 4252 solidum.

804 864 875 927 2.
929 855 1482 931 Determinatur
1515 870 1764 931 autem
1799 862 2173 956 quantitas
2196 862 2482 936 duobus
2509 866 2771 954 modiS,

704 965 939 1039 altero
975 968 1072 1040 ad
1106 992 1423 1055 sensum,
1479 970 1681 1066 quod
1713 974 1800 1045 fit
1830 997 1966 1070 per
1999 975 2371 1070 obJectum
2406 979 2769 1067 sensibile,

703 1091 789 1151 ut
825 1081 1118 1177 quando
1171 1082 1387 1172 linea,
1445 1086 1892 1181 superficies,
1948 1088 2065 1159 vel
2121 1089 2458 1178 solidum,
2512 1092 2770 1187 pedale

701 1193 818 1265 vel
885 1195 1203 1268 cubitale
1272 1196 1349 1269 in
1411 1199 1722 1272 materia
1786 1201 2034 1297 aliqua
2100 1202 2471 1297 signatum
2538 1204 2768 1278 oculis

702 1307 1070 1403 objicitur,
1111 1309 1234 1404 qui
1272 1310 1810 1385 determinandi
1844 1314 2105 1386 modus
2142 1316 2655 1413 expositionis,
2693 1330 2768 1390 et

702 1420 1075 1515 quantitas
1131 1422 1237 1494 sic
1294 1423 1595 1518 cognita
1656 1425 2004 1522 exposita
2061 1425 2353 1499 dicitur.
2481 1428 2764 1519 Altero,

699 1532 795 1604 ad
847 1533 1300 1623 memoriam,
1357 1535 1556 1629 quod
1611 1536 1698 1607 fit
1750 1561 1884 1632 per
1938 1539 2561 1634 comparationem
2597 1567 2764 1614 cum

698 1647 1050 1741 exposita.
1141 1648 1238 1719 Et
1271 1647 1508 1743 primo
1534 1648 1830 1744 quidem
1855 1651 2074 1723 modo
2105 1653 2467 1747 quaerenti
2489 1668 2765 1750 quanta

693 1783 812 1831 res
869 1773 1004 1850 est,
1067 1761 1577 1857 respondetur,
1651 1776 2003 1859 quantam
2060 1765 2467 1859 expositam
2529 1767 2758 1840 vides.

695 1872 1034 1946 Secundo
1069 1873 1289 1947 modo
1326 1898 1475 1947 non
1504 1875 1771 1948 satisfit
1804 1876 1946 1947 nisi
1972 1899 2105 1971 per
2135 1878 2757 1972 comparationem

692 2009 859 2057 cum
896 1986 1271 2083 exposita;
1326 2011 1497 2058 nam
1550 1989 1909 2082 quaerenti
1951 2002 2228 2083 quanta
2280 2002 2393 2063 est
2425 1991 2563 2063 viae
2597 1992 2757 2065 lon-

688 2099 974 2196 gitudo,
1021 2099 1509 2195 respondetur
1564 2111 1681 2171 tot
1731 2100 1957 2172 millia
2010 2125 2382 2197 passuum,
2443 2104 2756 2195 (scilicet

688 2213 1182 2308 comparando
1213 2212 1405 2285 viam
1442 2238 1610 2285 cum
1643 2237 1792 2286 uno
1820 2238 2064 2310 passu,
2094 2214 2210 2286 vel
2238 2215 2379 2287 alia
2413 2239 2757 2291 mensura

686 2326 1145 2421 expositione
1214 2326 1728 2415 determinata,
1799 2340 1875 2398 et
1935 2328 2264 2422 cognita)
2333 2328 2449 2400 vel
2511 2330 2619 2402 ita
2674 2357 2751 2404 se

681 2439 952 2512 habere
990 2441 1481 2534 quantitatem
1517 2442 1674 2535 ejus
1709 2439 1805 2512 ad
1853 2440 2070 2513 aliam
2116 2441 2491 2537 cognitam
2528 2467 2755 2540 expo-

681 2553 972 2643 sitione,
1031 2567 1118 2626 ut
1173 2555 1528 2628 diameter
1591 2555 1931 2650 quadrati
2001 2555 2095 2627 ad
2148 2555 2364 2644 latuS,
2422 2557 2535 2628 vel
2604 2558 2747 2631 alio

679 2666 926 2761 aliquo
957 2668 1173 2741 simili
1209 2669 1474 2752 modo;
1531 2682 1827 2764 oportet
1861 2681 2109 2741 autem
2145 2670 2550 2765 expositam
2589 2695 2747 2743 esse

677 2779 794 2852 vel
840 2795 1417 2876 permanentem,
1468 2793 1553 2853 ut
1598 2805 1763 2875 quae
1810 2782 1884 2852 in
1935 2781 2244 2853 materia
2296 2782 2744 2857 consistente

679 2894 1130 2990 designatur,
1186 2895 1303 2968 vel
1375 2895 1862 2967 revocabilem
1919 2895 2014 2967 ad
2077 2918 2405 2978 sensum;
2470 2896 2742 2991 alioqui

677 3007 872 3080 enim
899 3010 1350 3104 comparatio
1388 3033 1555 3081 cum
1590 3033 1679 3081 ea
1713 3009 2000 3081 institui
2034 3032 2184 3080 non
2213 3020 2484 3103 potest.
2557 3009 2747 3081 Cum

675 3135 919 3195 autem
960 3122 1410 3217 comparatio
1453 3122 1981 3217 magnitudinis
2020 3145 2186 3192 cum
2235 3123 2741 3217 magnitudine

670 3259 805 3331 per
839 3260 925 3308 ea
961 3260 1123 3329 quae
1160 3236 1360 3307 dicta
1394 3247 1566 3307 sunt
1604 3235 1843 3330 capite
1871 3233 2360 3330 praecedente,
2398 3235 2474 3307 id
2503 3236 2739 3331 ipsum

673 3348 771 3420 sit
840 3348 1040 3443 quod
1098 3359 1407 3420 vocatur
1466 3348 1682 3435 ratio,
1736 3346 2210 3419 manifestum
2270 3361 2381 3419 est
2454 3350 2740 3442 quanti—

672 3473 905 3535 tatem
974 3461 1297 3534 secundo
1366 3461 1586 3533 modo
1658 3460 2221 3532 determinatam
2274 3459 2458 3531 nihil
2537 3461 2736 3534 aliud

670 3599 828 3648 esse
863 3598 1083 3669 quam
1120 3574 1594 3645 dimensionis
1630 3597 1779 3645 non
1816 3573 2169 3668 expositae
2204 3572 2300 3644 ad
2327 3574 2734 3668 expositam

666 3688 882 3777 rati0,
919 3687 1060 3759 hoc
1095 3699 1230 3774 est,
1268 3686 1765 3780 aequalitatem
1799 3686 1914 3758 vel
1962 3685 2539 3780 inaequalitatem
2576 3688 2731 3783 ejus

666 3827 830 3875 cum
868 3801 1204 3898 exposita
1237 3812 1703 3896 comparatae.
1858 3793 1860 3797 '

764 3925 835 3989 3.
885 3916 1376 4010 Exponuntur
1466 3927 1716 3987 autem
1800 3913 2036 4000 lineae,
2122 3912 2565 4008 superficieS,
2653 3926 2730 3984 et

663 4028 918 4116 solida,
973 4027 1212 4123 primo
1273 4050 1406 4122 per
1464 4039 1772 4115 motum,
1828 4050 1914 4098 eo
1976 4025 2197 4098 modo
2268 4048 2414 4119 quo
2486 4024 2725 4119 capite

662 4153 924 4216 octavo
980 4141 1319 4236 generari
1374 4164 1462 4212 ea
1521 4140 1859 4225 diximus,
1916 4138 2045 4212 sed
2097 4150 2185 4210 ut
2245 4138 2413 4210 talis
2481 4149 2726 4209 motus

656 4255 971 4351 vestigia
998 4266 1384 4336 maneant3
1422 4266 1510 4325 ut
1543 4254 1839 4347 quando
1870 4253 2256 4348 signantur
2284 4251 2363 4323 in
2389 4250 2723 4336 materia,

654 4382 740 4443 ut
773 4369 967 4441 linea
1001 4391 1219 4463 super
1271 4367 1624 4455 chartam,
1660 4366 1777 4440 vel
1810 4366 2042 4438 incisa
2072 4363 2150 4437 in
2202 4364 2512 4435 materia
2545 4387 2720 4435 con-
