3182 5102
613 499 725 564 lxii
1186 523 1373 567 vum
1408 522 1774 568 HOBmANAE
1807 525 2218 570 Aucumtm.

611 687 922 764 audeant3
967 689 1373 774 cum'etiam†
1424 690 1532 777 qui
1576 712 1827 754 omnem
1868 689 2037 755 illam
2082 692 2454 778 scriptorum
2505 692 2772 758 varieta-'

613 836 760 898 tem,
814 844 938 909 qua
987 836 1149 887 artes
1185 837 1250 887 et
1287 824 1563 888 scientiae
1604 824 1909 903 exultant,
1956 825 2317 913 diligentius
2359 828 2764 915 introspiciat,

610 959 846 1045 ubique
882 958 1157 1023 inveniet
1198 959 1477 1045 ejusdem
1523 961 1615 1024 rei
1665 962 2064 1047 repetitiones
2116 963 2408 1041 infinitas,
2457 966 2764 1029 tractandi

609 1094 808 1159 modis
854 1094 1143 1172 diversam,
1198 1095 1556 1160 inventione
1606 1113 2099 1184 praeoccupatas;
2175 1113 2246 1163 ut
2296 1100 2506 1164 omnia
2560 1101 2764 1186 primo

610 1230 842 1296 intuitu
871 1254 1220 1306 numerosa,
1254 1231 1414 1296 sacto
1444 1234 1734 1297 examine
1763 1257 1962 1320 pauca
1990 1236 2401 1322 reperiantur.
2492 1235 2664 1310 Quin
2698 1252 2761 1300 et

609 1369 762 1434 illud
793 1393 956 1456 saepe
985 1369 1191 1434 dicere
1220 1370 1433 1434 solitus
1463 1386 1574 1448 est,
1602 1372 1771 1459 quod
1803 1373 1854 1437 si
1884 1388 2126 1436 tantum
2157 1373 2331 1438 libris
2362 1373 2763 1451 incubuisset,

609 1523 913 1594 quantum
956 1507 1126 1571 aliie
1157 1506 1414 1571 literatis
1458 1507 1647 1594 vulgo
1691 1507 1945 1585 faciunt,
1977 1508 2194 1573 eadem
2236 1531 2378 1573 cum
2423 1508 2542 1572 illis
2586 1510 2761 1596 igno-

608 1646 812 1709 rantia
839 1645 1192 1710 laborasset.

692 1782 1009 1848 Quoniam
1060 1796 1269 1846 autem
1313 1782 1690 1868 optimorum
1735 1783 2008 1847 amicitia
2064 1798 2127 1846 et
2189 1781 2573 1848 consuetudo
2630 1804 2756 1846 non

603 1916 739 1982 leve
815 1918 1139 2004 probitatis
1215 1934 1657 2005 argumentum
1717 1920 1987 1996 ducitur,
2048 1920 2277 2006 vixque
2363 1917 2560 1982 malus
2628 1940 2759 1982 esse

603 2054 793 2140 possit
823 2054 929 2140 qui
960 2067 1069 2117 aut
1111 2054 1308 2118 bonos
1337 2052 1504 2131 colit,
1537 2069 1648 2119 aut
1668 2078 1707 2119 a
1734 2055 1915 2119 bonis
1944 2055 2203 2131 colitur3
2248 2055 2591 2119 amicorum
2624 2055 2758 2139 ejus

602 2189 871 2254 indicem
901 2212 1247 2276 proponere
1267 2190 1512 2254 animus
1539 2206 1651 2255 est.
1740 2192 1912 2255 Ante
1940 2214 2154 2256 omnes
2185 2214 2350 2269 vem,
2371 2192 2584 2257 debito
2614 2215 2757 2257 cum

602 2326 839 2391 honore
867 2327 1227 2414 meritisque
1256 2328 1492 2414 gratiiS,
1521 2332 1689 2415 (post
1716 2328 2115 2414 Majestatem
2154 2329 2416 2416 Regiam
2451 2330 2753 2393 fautorem

600 2464 734 2549 ejus
762 2464 1302 2551 benignissimum)
1333 2464 1720 2528 memorandi
1744 2466 2004 2528 veniunt
2026 2464 2419 2529 illustrissimi
2450 2465 2756 2529 Devoniae

603 2600 899 2678 Comites,
930 2600 1324 2664 haereditario
1348 2601 1523 2687 quasi
1543 2601 1689 2686 jure
1723 2600 2105 2666 Maecenates
2131 2601 2472 2666 Hobbiani.
2563 2602 2755 2669 Quod

597 2757 745 2799 sane
776 2757 901 2799 non
932 2735 1127 2800 solum
1161 2736 1397 2823 ingenii
1428 2758 1500 2800 ac
1543 2735 1887 2812 literarum,
1922 2736 2028 2800 sed
2073 2737 2260 2800 etiam
2292 2752 2536 2801 naturae
2565 2751 2756 2824 atque

599 2870 865 2948 virtutis,
898 2885 970 2935 ut
997 2871 1237 2948 domm,
1269 2894 1412 2958 quae
1441 2872 1578 2957 ejus
1606 2870 2040 2936 adolescentiae
2070 2873 2272 2958 prima
2300 2872 2506 2951 fuerit,
2537 2874 2753 2938 eadem

599 3022 759 3072 esset
789 3007 1260 3073 familiarissima
1286 3009 1648 3091 senectuti.‡

1111 3280 1644 3347 AMICORUM
1698 3280 2221 3345 ELENCHUS.

687 3417 1055 3483 Franciscus
1104 3417 1392 3483 Baconus
1442 3417 1858 3494 Verulamius,
1896 3415 2174 3503 Magnus
2211 3416 2464 3504 Angliae
2499 3419 2756 3484 Cancel-

596 3553 807 3619 lariuS.
888 3555 1069 3621 Obiit
1103 3559 1284 3621 1626.
1375 3556 1527 3620 Vita
1564 3557 1699 3642 ejus
1742 3555 1967 3641 saepius
2010 3554 2177 3619 edita
2216 3570 2342 3619 est:
2388 3578 2579 3642 opera
2607 3557 2754 3621 satis

600 3705 750 3755 nota
778 3705 942 3755 sunt.

686 3826 807 3892 Ed.
843 3826 1140 3904 Herbert,
1176 3813 1343 3891 Baro
1373 3828 1453 3891 de
1499 3827 1855 3912 Cherbury.
1969 3826 2070 3890 De
2104 3849 2178 3889 eo
2208 3840 2273 3890 et
2315 3827 2579 3914 scriptis,
2610 3829 2752 3894 vide

601 3962 776 4029 Guil.
812 3959 1106 4048 Dugdale
1136 3960 1215 4024 de
1247 3960 1479 4028 Baron.
1513 3960 1786 4046 Angliae.
1878 3961 2056 4027 Obiit
2089 3965 2269 4026 1648.

686 4098 855 4162 Itlon.
908 4095 1168 4161 Carolus
1218 4096 1593 4173 Cavendish,
1641 4096 1849 4183 Eques
1902 4098 2200 4180 Auratus,
2251 4097 2524 4163 illustris.
2576 4098 2749 4163 Guil.

598 4233 1000 4310 Marchionis,
1033 4246 1245 4318 postea
1289 4232 1505 4296 Ducis,
1533 4232 1696 4297 Novi
1745 4235 1969 4312 Castri,
2005 4235 2195 4300 frater
2239 4238 2476 4313 unicuS,
2511 4238 2766 4303 mathe-

597 4370 857 4434 maticus
886 4390 1181 4432 summus.
1272 4368 1451 4434 Obiit
1483 4373 1669 4432 1653.

825 4534 854 4590 ψ
888 4532 1115 4580 Verulam
1139 4531 1271 4595 praes.
1298 4533 1346 4578 in
1377 4531 1504 4579 Nov.
1528 4531 1707 4594 Organ.
1905 4535 1928 4590 1
1966 4534 2065 4582 Cic.
2092 4549 2176 4596 pro
2200 4532 2345 4582 Arch.
2369 4535 2501 4584 Poct.
