3182 5102
992 500 1162 547 vrrs-3
1194 499 1558 546 nonninus
1587 501 2007 547 AUCTARIUM.
2473 482 2564 548 liii

472 674 524 709 “
550 668 817 745 Quarto,
864 668 1098 755 pariter
1125 668 1398 734 ostendit
1426 672 1663 736 librum
1694 692 1880 736 suum
1909 670 2267 736 Leviatlaan
2303 671 2563 756 publico

383 810 629 874 danmo
675 831 804 873 non
840 811 1055 892 fiais-se
1098 818 1338 886 notum,
1391 828 1508 872 nec
1563 812 2154 875 monstrosissimam
2203 830 2354 886 esse,
2410 806 2559 896 quia

382 942 596 1007 editor
640 967 756 1010 nec
805 945 1241 1009 doctrinarum
1281 946 1501 1029 judex
1548 948 1828 1020 idoneus,
1891 955 2008 1010 aut
2055 951 2293 1030 insiqni
2340 950 2563 1033 aliqua

382 1086 747 1147 eruditione
768 1084 940 1147 domi
960 1090 1076 1146 aut
1086 1081 1263 1165 foris
1289 1091 1491 1146 notus.
1582 1079 1762 1145 Belle
1782 1080 2039 1167 quidem
2061 1080 2197 1145 haec
2219 1080 2558 1146 cohaerent.

390 1213 698 1279 Historiae
738 1213 941 1279 editor
986 1213 1313 1280 Hobbesio
1355 1212 1648 1279 indoctus
1688 1214 1977 1293 videtur3
2019 1214 2285 1300 proinde
2326 1220 2556 1283 Levia-

384 1353 545 1416 tltan
576 1372 698 1414 nec
734 1353 985 1436 publico
1013 1354 1243 1416 damno
1270 1364 1365 1414 est
1393 1366 1602 1430 notus,
1631 1374 1747 1416 nec
1774 1366 1871 1418 est
1897 1358 2471 1420 monstrosi-scimus.

457 1493 501 1525 ‘⁴
516 1485 786 1563 Quinto,
805 1486 1092 1572 queritur
1116 1485 1476 1552 Hobbesius
1493 1513 1590 1565 ea,
1612 1513 1748 1576 quae
1767 1491 2000 1560 author
2016 1492 2096 1554 de
2111 1491 2385 1555 moribus
2398 1491 2553 1575 ejus,

379 1628 465 1690 de
494 1628 703 1710 fama
746 1628 926 1710 apud
959 1635 1224 1702 exteros,
1267 1629 1378 1694 &c-
1410 1626 1757 1713 scripserat,
1788 1630 2080 1692 delevisse
2111 1628 2328 1691 omnia
2355 1628 2551 1691 edito-

381 1783 535 1826 rem.
632 1760 756 1824 Aio
784 1758 921 1825 haec
947 1759 1164 1826 omnia
1191 1760 1301 1824 Ι)ΙΙΙ
1327 1760 1387 1826 J.
1424 1761 1533 1840 A.,
1562 1775 1675 1826 aut
1700 1761 1862 1827 sorte
1893 1761 2292 1827 Hobbesium
2322 1760 2549 1846 ipsum,

382 1917 499 1980 pro
560 1896 814 1974 eximia,
872 1917 1000 1983 qua
1055 1893 1266 1981 pollet,
1327 1894 1651 1975 modestia,
1712 1897 2043 1984 scripsisse,
2101 1919 2246 1984 quae
2303 1893 2552 1960 authori

382 2053 644 2117 prorsus
672 2031 1075 2119 incomperta,
1105 2031 1403 2120 pleraque
1431 2055 1578 2098 vero
1607 2034 1869 2099 omnino
1896 2032 2050 2098 falsa
2077 2032 2264 2097 fuisse
2293 1997 2552 2097 noverat

380 2167 634 2246 editos-3
676 2168 787 2256 qui
813 2168 1007 2235 etiam
1034 2167 1160 2246 illa,
1192 2191 1339 2257 quae
1359 2169 1441 2233 ad
1468 2183 1677 2256 partes
1710 2168 2217 2235 Cromwellianas
2256 2167 2550 2233 fovendas

380 2304 590 2391 egerit
659 2302 1035 2382 Hobbesius,
1095 2317 1169 2368 ut
1224 2318 1289 2369 et
1342 2303 1466 2369 alia
1520 2305 1657 2391 ejus
1712 2304 1953 2392 flagitia
2007 2303 2252 2369 silentio
2308 2304 2549 2391 pressit.

385 2438 633 2505 Iterum
663 2462 815 2528 ergo
842 2440 1149 2507 subducat
1176 2441 1447 2507 rationes
1488 2462 1630 2506 suas
1672 2440 1768 2504 vir
1809 2441 2032 2518 bonus,
2075 2454 2141 2506 et
2181 2441 2549 2519 consideret,

382 2599 462 2641 sn
492 2599 627 2641 non
657 2600 772 2664 pro
800 2577 1092 2644 conviciis
1119 2577 1341 2664 gratiae
1369 2577 1595 2643 editori
1625 2576 1995 2642 debeantur.

468 2721 513 2753 ‘⁴
532 2712 781 2778 Ultimo
803 2714 871 2778 in
899 2713 1037 2779 loco
1054 2713 1247 2779 bilem
1279 2713 1605 2779 Hobbesio
1627 2727 1856 2791 movet,
1886 2711 2058 2800 quod
2084 2713 2289 2778 editor
2300 2725 2548 2800 praeter

380 2855 763 2916 sententiam
840 2854 1132 2917 authoris
1186 2855 1266 2917 de
1319 2854 1608 2937 operibus
1670 2855 2065 2935 yeometricis
2120 2854 2374 2917 addidit
2430 2860 2548 2917 au't

380 2987 657 3058 delevit‚·
700 3008 846 3052 cum
873 2991 985 3073 qm‘
1011 2990 1318 3052 hominem
1346 2991 1580 3062 norint,
1610 3008 1739 3051 non
1764 3009 1806 3050 a
1827 3009 1945 3051 sua
1967 2990 2166 3071 ipsius
2184 2990 2554 3070 οορηίτὲοηε,

380 3127 493 3186 sed
505 3124 662 3205 fide
688 3126 906 3187 aliena
932 3126 1208 3187 locutum
1236 3144 1363 3187 esse
1389 3126 1599 3187 sciunt
1613 3149 1637 3193 ;
1683 3130 1747 3186 et
1776 3125 1888 3207 qui
1915 3142 2041 3185 non
2068 3125 2301 3196 norint,
2327 3142 2549 3186 nomen

377 3260 521 3343 qius
548 3262 717 3322 imer-
742 3262 1219 3324 matltemaiicos
1238 3262 1469 3324 aliosve
1492 3262 1771 3324 eruditos
1795 3278 2122 3343 nunquam
2149 3259 2546 3322 audiverunt.

384 3389 516 3455 Sed
548 3390 703 3477 quid
729 3389 1075 3457 lucrabitur
1106 3391 1488 3469 Hobbesius‚
1536 3392 1589 3456 si
1616 3392 1750 3478 ejus
1789 3398 2163 3476 παροράματα
2205 3388 2365 3455 adeo
2420 3389 2544 3454 sint

383 3524 700 3604 immania,
727 3543 798 3592 ut
820 3527 917 3592 vel
938 3551 978 3593 a
995 3528 1358 3616 Tyronibus
1379 3527 1763 3616 deprehendi
1786 3527 2061 3614 possint:
2105 3538 2547 3614 agnoscentem

380 3662 667 3747 superius
709 3661 1079 3741 audivimus,
1125 3664 1408 3752 egregias
1450 3685 1590 3728 suas
1633 3662 2190 3728 demonstrationes
2234 3677 2362 3726 tam
2397 3682 2546 3726 con-

378 3798 617 3883 spicuae
643 3821 776 3863 esse
803 3799 1153 3877 evidentiae,
1185 3811 1258 3868 ut
1299 3803 1606 3878 omnibus,
1636 3803 1747 3888 qui
1777 3805 1856 3867 de
1881 3805 2103 3869 iisdem
2131 3790 2312 3868 rebus
2336 3822 2546 3866 secum

382 3937 638 4021 aliq-dd
662 3939 1022 4017 ediderant,
1047 3936 1167 4002 hoc
1201 3951 1294 4002 est
1314 3938 1654 4025 geometris
1681 3939 2004 4015 universis,
2035 3938 2308 4003 insanire
2336 3936 2545 4002 videa-

382 4084 508 4134 tur.
599 4070 727 4135 Sed
770 4071 853 4135 ab
903 4070 1177 4149 homine,
1225 4072 1336 4159 qui
1386 4071 1968 4139 reverendissimum
2022 4072 2543 4138 Sarisburiensem

388 4205 789 4292 Episcopum,
824 4206 1075 4273 Clariss.
1122 4207 1467 4274 Wallisium
1496 4207 1914 4273 Professorem
1938 4207 2340 4284 Savilianum‚
2367 4206 2548 4272 alios-

382 4363 511 4429 que
566 4342 1014 4409 eruditissimos
1073 4344 1237 4410 viros
1293 4368 1408 4432 pro
1465 4345 1904 4412 indoctissimis
1960 4344 2270 4420 habuerit,
2330 4356 2549 4407 contu-

386 4477 574 4544 melia
593 4480 913 4568 conjungi,
946 4481 1012 4543 in
1040 4479 1313 4568 elogium
1342 4481 1557 4547 cedet:
1588 4481 1808 4548 sobriis
1837 4503 2050 4547 rerum
2073 4478 2552 4544 aestimatoribm
