<?xml version="1.0" encoding="UTF-8"?>
<!DOCTYPE html PUBLIC "-//W3C//DTD XHTML 1.0 Transitional//EN"
    "http://www.w3.org/TR/xhtml1/DTD/xhtml1-transitional.dtd">
<html xmlns="http://www.w3.org/1999/xhtml" xml:lang="en" lang="en">
 <head>
  <title>
</title>
<meta http-equiv="Content-Type" content="text/html;charset=utf-8" />
  <meta name='ocr-system' content='tesseract 3.04.00' />
  <meta name='ocr-capabilities' content='ocr_page ocr_carea ocr_par ocr_line ocrx_word'/>
</head>
<body>
  <div class='ocr_page' id='page_1' title='image "./thomhobbesmalme03molegoog_0460.png"; bbox 0 0 3182 5102; ppageno 0'>
   <div class='ocr_carea' id='block_1_1' title="bbox 431 629 731 679">
    <p class='ocr_par' dir='ltr' id='par_1_1' title="bbox 431 629 731 679">
     <span class='ocr_line' id='line_1_1' title="bbox 431 629 731 679; baseline -0.004 0"><span class='ocrx_word' id='word_1_1' title='bbox 431 630 603 679; x_wconf 86' lang='lat' dir='ltr'>PARS</span> <span class='ocrx_word' id='word_1_2' title='bbox 627 629 731 679; x_wconf 89' lang='lat'>111.</span> 
     </span>
    </p>
   </div>
   <div class='ocr_carea' id='block_1_2' title="bbox 434 767 699 803">
    <p class='ocr_par' dir='ltr' id='par_1_2' title="bbox 434 767 699 803">
     <span class='ocr_line' id='line_1_2' title="bbox 434 767 699 803; baseline -0.004 -13"><span class='ocrx_word' id='word_1_3' title='bbox 434 767 699 803; x_wconf 38' lang='grc' dir='ltr'><strong>κ-γ-κ</strong></span> 
     </span>
    </p>
   </div>
   <div class='ocr_carea' id='block_1_3' title="bbox 763 442 2343 511">
    <p class='ocr_par' dir='ltr' id='par_1_3' title="bbox 763 442 2343 511">
     <span class='ocr_line' id='line_1_3' title="bbox 763 442 2343 511; baseline 0 -4"><span class='ocrx_word' id='word_1_4' title='bbox 763 442 918 508; x_wconf 79' lang='lat'><strong>298</strong></span> <span class='ocrx_word' id='word_1_5' title='bbox 1255 458 1362 509; x_wconf 78' lang='lat' dir='ltr'><strong>ns</strong></span> <span class='ocrx_word' id='word_1_6' title='bbox 1402 457 1914 510; x_wconf 75' lang='lat' dir='ltr'><strong>RA&#39;r1oN113us</strong></span> <span class='ocrx_word' id='word_1_7' title='bbox 1953 456 2343 511; x_wconf 70' lang='lat' dir='ltr'>MOTUUM.</span> 
     </span>
    </p>
   </div>
   <div class='ocr_carea' id='block_1_4' title="bbox 766 621 2843 1963">
    <p class='ocr_par' dir='ltr' id='par_1_4' title="bbox 769 621 2843 1626">
     <span class='ocr_line' id='line_1_4' title="bbox 782 621 2843 720; baseline -0 -27"><span class='ocrx_word' id='word_1_8' title='bbox 782 621 974 694; x_wconf 92' lang='lat' dir='ltr'><strong>illius</strong></span> <span class='ocrx_word' id='word_1_9' title='bbox 1058 623 1573 720; x_wconf 88' lang='lat' dir='ltr'><strong>complementi</strong></span> <span class='ocrx_word' id='word_1_10' title='bbox 1655 622 2012 698; x_wconf 87' lang='lat' dir='ltr'><strong>diameter</strong></span> <span class='ocrx_word' id='word_1_11' title='bbox 2094 622 2479 720; x_wconf 87' lang='lat' dir='ltr'><strong>aequilibrii</strong></span> <span class='ocrx_word' id='word_1_12' title='bbox 2562 621 2843 694; x_wconf 82' lang='lat' dir='ltr'><strong>secabit</strong></span> 
     </span>
     <span class='ocr_line' id='line_1_5' title="bbox 779 735 2842 832; baseline 0.001 -27"><span class='ocrx_word' id='word_1_13' title='bbox 779 746 1058 806; x_wconf 92' lang='lat' dir='ltr'><strong>rectam</strong></span> <span class='ocrx_word' id='word_1_14' title='bbox 1090 758 1222 830; x_wconf 90' lang='lat' dir='ltr'><strong>per</strong></span> <span class='ocrx_word' id='word_1_15' title='bbox 1255 736 1609 809; x_wconf 88' lang='lat' dir='ltr'><strong>verticem</strong></span> <span class='ocrx_word' id='word_1_16' title='bbox 1641 736 1802 809; x_wconf 88' lang='lat' dir='ltr'><strong>basi</strong></span> <span class='ocrx_word' id='word_1_17' title='bbox 1827 736 2247 832; x_wconf 73' lang='lat' dir='ltr'>parallelum</span> <span class='ocrx_word' id='word_1_18' title='bbox 2280 736 2387 808; x_wconf 88' lang='lat' dir='ltr'><strong>ita</strong></span> <span class='ocrx_word' id='word_1_19' title='bbox 2418 745 2505 811; x_wconf 84' lang='lat' dir='ltr'><strong>ut</strong></span> <span class='ocrx_word' id='word_1_20' title='bbox 2539 759 2709 830; x_wconf 93' lang='lat' dir='ltr'><strong>pars</strong></span> <span class='ocrx_word' id='word_1_21' title='bbox 2743 735 2842 807; x_wconf 88' lang='lat' dir='ltr'><strong>ad</strong></span> 
     </span>
     <span class='ocr_line' id='line_1_6' title="bbox 775 845 2837 946; baseline -0.001 -24"><span class='ocrx_word' id='word_1_22' title='bbox 775 849 1126 922; x_wconf 88' lang='lat' dir='ltr'><strong>verticem</strong></span> <span class='ocrx_word' id='word_1_23' title='bbox 1159 850 1257 922; x_wconf 87' lang='lat' dir='ltr'><strong>sit</strong></span> <span class='ocrx_word' id='word_1_24' title='bbox 1283 851 1380 924; x_wconf 89' lang='lat' dir='ltr'><strong>ad</strong></span> <span class='ocrx_word' id='word_1_25' title='bbox 1412 850 1793 946; x_wconf 86' lang='lat' dir='ltr'><strong>reliquam,</strong></span> <span class='ocrx_word' id='word_1_26' title='bbox 1831 861 1919 922; x_wconf 88' lang='lat' dir='ltr'><strong>nt</strong></span> <span class='ocrx_word' id='word_1_27' title='bbox 1956 860 1997 924; x_wconf 90' lang='lat'>5</span> <span class='ocrx_word' id='word_1_28' title='bbox 2034 849 2131 923; x_wconf 89' lang='lat' dir='ltr'><strong>ad</strong></span> <span class='ocrx_word' id='word_1_29' title='bbox 2165 859 2236 924; x_wconf 85' lang='lat'><strong>2.</strong></span> <span class='ocrx_word' id='word_1_30' title='bbox 2323 847 2559 921; x_wconf 90' lang='lat' dir='ltr'>Simili</span> <span class='ocrx_word' id='word_1_31' title='bbox 2590 845 2837 932; x_wconf 91' lang='lat' dir='ltr'><strong>modo,</strong></span> 
     </span>
     <span class='ocr_line' id='line_1_7' title="bbox 774 960 2840 1057; baseline -0.001 -23"><span class='ocrx_word' id='word_1_32' title='bbox 774 962 838 1035; x_wconf 91' lang='lat' dir='ltr'><strong>si</strong></span> <span class='ocrx_word' id='word_1_33' title='bbox 887 972 1218 1035; x_wconf 86' lang='lat' dir='ltr'><strong>sumatur</strong></span> <span class='ocrx_word' id='word_1_34' title='bbox 1249 962 1596 1057; x_wconf 86' lang='lat' dir='ltr'><strong>quaelibet</strong></span> <span class='ocrx_word' id='word_1_35' title='bbox 1628 963 1771 1036; x_wconf 90' lang='lat' dir='ltr'><strong>alia</strong></span> <span class='ocrx_word' id='word_1_36' title='bbox 1824 962 2186 1036; x_wconf 89' lang='lat' dir='ltr'><strong>dictarum</strong></span> <span class='ocrx_word' id='word_1_37' title='bbox 2217 963 2644 1057; x_wconf 85' lang='lat' dir='ltr'><strong>figurarum,</strong></span> <span class='ocrx_word' id='word_1_38' title='bbox 2696 960 2757 1031; x_wconf 91' lang='lat' dir='ltr'><strong>si</strong></span> <span class='ocrx_word' id='word_1_39' title='bbox 2791 983 2840 1032; x_wconf 89' lang='lat' dir='ltr'><strong>a</strong></span> 
     </span>
     <span class='ocr_line' id='line_1_8' title="bbox 775 1073 2836 1171; baseline -0.002 -23"><span class='ocrx_word' id='word_1_40' title='bbox 775 1075 1327 1148; x_wconf 88' lang='lat' dir='ltr'><strong>denominatore</strong></span> <span class='ocrx_word' id='word_1_41' title='bbox 1381 1074 1763 1149; x_wconf 90' lang='lat' dir='ltr'><strong>fractionis</strong></span> <span class='ocrx_word' id='word_1_42' title='bbox 1825 1077 1980 1171; x_wconf 90' lang='lat' dir='ltr'><strong>ejus</strong></span> <span class='ocrx_word' id='word_1_43' title='bbox 2041 1076 2119 1147; x_wconf 94' lang='lat' dir='ltr'><strong>in</strong></span> <span class='ocrx_word' id='word_1_44' title='bbox 2182 1073 2453 1147; x_wconf 88' lang='lat' dir='ltr'><strong>tabella</strong></span> <span class='ocrx_word' id='word_1_45' title='bbox 2516 1073 2836 1146; x_wconf 84' lang='lat' dir='ltr'><strong>inventae</strong></span> 
     </span>
     <span class='ocr_line' id='line_1_9' title="bbox 771 1185 2837 1283; baseline -0.003 -19"><span class='ocrx_word' id='word_1_46' title='bbox 771 1188 1149 1264; x_wconf 82' lang='lat' dir='ltr'><strong>auferatur</strong></span> <span class='ocrx_word' id='word_1_47' title='bbox 1185 1199 1633 1278; x_wconf 87' lang='lat' dir='ltr'><strong>numerator,</strong></span> <span class='ocrx_word' id='word_1_48' title='bbox 1672 1188 2039 1261; x_wconf 83' lang='lat' dir='ltr'><strong>dividetur</strong></span> <span class='ocrx_word' id='word_1_49' title='bbox 2078 1199 2286 1261; x_wconf 89' lang='lat' dir='ltr'><strong>recta</strong></span> <span class='ocrx_word' id='word_1_50' title='bbox 2316 1209 2449 1283; x_wconf 91' lang='lat' dir='ltr'><strong>per</strong></span> <span class='ocrx_word' id='word_1_51' title='bbox 2481 1185 2837 1258; x_wconf 85' lang='lat' dir='ltr'><strong>verticem</strong></span> 
     </span>
     <span class='ocr_line' id='line_1_10' title="bbox 771 1297 2838 1397; baseline -0.003 -22"><span class='ocrx_word' id='word_1_52' title='bbox 771 1304 879 1376; x_wconf 87' lang='lat' dir='ltr'><strong>ita</strong></span> <span class='ocrx_word' id='word_1_53' title='bbox 909 1314 995 1375; x_wconf 88' lang='lat' dir='ltr'><strong>ut</strong></span> <span class='ocrx_word' id='word_1_54' title='bbox 1040 1325 1210 1397; x_wconf 84' lang='lat' dir='ltr'><strong>pars</strong></span> <span class='ocrx_word' id='word_1_55' title='bbox 1266 1301 1362 1374; x_wconf 91' lang='lat' dir='ltr'><strong>ad</strong></span> <span class='ocrx_word' id='word_1_56' title='bbox 1395 1301 1745 1374; x_wconf 87' lang='lat' dir='ltr'><strong>verticem</strong></span> <span class='ocrx_word' id='word_1_57' title='bbox 1779 1301 1877 1375; x_wconf 91' lang='lat' dir='ltr'><strong>sit</strong></span> <span class='ocrx_word' id='word_1_58' title='bbox 1909 1301 2006 1375; x_wconf 89' lang='lat' dir='ltr'><strong>ad</strong></span> <span class='ocrx_word' id='word_1_59' title='bbox 2037 1300 2417 1396; x_wconf 90' lang='lat' dir='ltr'><strong>reliquam,</strong></span> <span class='ocrx_word' id='word_1_60' title='bbox 2470 1310 2556 1370; x_wconf 90' lang='lat' dir='ltr'><strong>ut</strong></span> <span class='ocrx_word' id='word_1_61' title='bbox 2607 1297 2838 1370; x_wconf 89' lang='lat' dir='ltr'><strong>deno-</strong></span> 
     </span>
     <span class='ocr_line' id='line_1_11' title="bbox 769 1411 2836 1513; baseline -0.003 -24"><span class='ocrx_word' id='word_1_62' title='bbox 769 1417 1091 1489; x_wconf 88' lang='lat' dir='ltr'><strong>minator</strong></span> <span class='ocrx_word' id='word_1_63' title='bbox 1122 1415 1218 1489; x_wconf 89' lang='lat' dir='ltr'><strong>ad</strong></span> <span class='ocrx_word' id='word_1_64' title='bbox 1270 1415 1644 1488; x_wconf 90' lang='lat' dir='ltr'><strong>residuum</strong></span> <span class='ocrx_word' id='word_1_65' title='bbox 1679 1415 1879 1513; x_wconf 91' lang='lat' dir='ltr'><strong>quod</strong></span> <span class='ocrx_word' id='word_1_66' title='bbox 1920 1438 2008 1488; x_wconf 92' lang='lat' dir='ltr'><strong>ea</strong></span> <span class='ocrx_word' id='word_1_67' title='bbox 2060 1413 2562 1488; x_wconf 82' lang='lat' dir='ltr'><strong>subtractione</strong></span> <span class='ocrx_word' id='word_1_68' title='bbox 2612 1411 2836 1484; x_wconf 91' lang='lat' dir='ltr'><strong>relin-</strong></span> 
     </span>
     <span class='ocr_line' id='line_1_12' title="bbox 772 1528 1045 1626; baseline -0.004 -24"><span class='ocrx_word' id='word_1_69' title='bbox 772 1528 1045 1626; x_wconf 91' lang='lat' dir='ltr'><strong>quitur.</strong></span> 
     </span>
    </p>

    <p class='ocr_par' dir='ltr' id='par_1_5' title="bbox 766 1639 2831 1963">
     <span class='ocr_line' id='line_1_13' title="bbox 876 1639 2830 1737; baseline -0.003 -22"><span class='ocrx_word' id='word_1_70' title='bbox 876 1651 989 1715; x_wconf 91' lang='grc'><strong>11.</strong></span> <span class='ocrx_word' id='word_1_71' title='bbox 1044 1642 1396 1714; x_wconf 90' lang='lat' dir='ltr'><strong>Centrum</strong></span> <span class='ocrx_word' id='word_1_72' title='bbox 1450 1640 1838 1737; x_wconf 89' lang='lat' dir='ltr'><strong>aequilibrii</strong></span> <span class='ocrx_word' id='word_1_73' title='bbox 1905 1639 2225 1713; x_wconf 85' lang='lat' dir='ltr'><strong>semissis</strong></span> <span class='ocrx_word' id='word_1_74' title='bbox 2279 1641 2535 1735; x_wconf 81' lang='lat' dir='ltr'><strong>figurae</strong></span> <span class='ocrx_word' id='word_1_75' title='bbox 2590 1639 2830 1710; x_wconf 82' lang='lat' dir='ltr'><strong>curvi-</strong></span> 
     </span>
     <span class='ocr_line' id='line_1_14' title="bbox 766 1751 2829 1851; baseline -0.001 -24"><span class='ocrx_word' id='word_1_76' title='bbox 766 1754 978 1827; x_wconf 83' lang='lat' dir='ltr'><strong>lineae</strong></span> <span class='ocrx_word' id='word_1_77' title='bbox 1014 1753 1402 1851; x_wconf 88' lang='lat' dir='ltr'><strong>cujuslibet</strong></span> <span class='ocrx_word' id='word_1_78' title='bbox 1437 1778 1710 1841; x_wconf 86' lang='lat' dir='ltr'><strong>earum,</strong></span> <span class='ocrx_word' id='word_1_79' title='bbox 1748 1778 1913 1847; x_wconf 80' lang='lat' dir='ltr'><strong>quae</strong></span> <span class='ocrx_word' id='word_1_80' title='bbox 1947 1766 2121 1826; x_wconf 89' lang='lat' dir='ltr'><strong>sunt</strong></span> <span class='ocrx_word' id='word_1_81' title='bbox 2170 1753 2247 1826; x_wconf 91' lang='lat' dir='ltr'><strong>in</strong></span> <span class='ocrx_word' id='word_1_82' title='bbox 2280 1753 2517 1848; x_wconf 89' lang='lat' dir='ltr'><strong>primo</strong></span> <span class='ocrx_word' id='word_1_83' title='bbox 2571 1751 2829 1825; x_wconf 88' lang='lat' dir='ltr'><strong>ordine</strong></span> 
     </span>
     <span class='ocr_line' id='line_1_15' title="bbox 770 1865 2831 1963; baseline -0.001 -23"><span class='ocrx_word' id='word_1_84' title='bbox 770 1868 1058 1940; x_wconf 78' lang='lat' dir='ltr'><strong>tabellae</strong></span> <span class='ocrx_word' id='word_1_85' title='bbox 1117 1865 1406 1940; x_wconf 87' lang='lat' dir='ltr'><strong>articuli</strong></span> <span class='ocrx_word' id='word_1_86' title='bbox 1461 1876 1531 1954; x_wconf 89' lang='grc'><strong>3,</strong></span> <span class='ocrx_word' id='word_1_87' title='bbox 1590 1866 1851 1963; x_wconf 91' lang='lat' dir='ltr'><strong>capitis</strong></span> <span class='ocrx_word' id='word_1_88' title='bbox 1886 1868 2101 1953; x_wconf 75' lang='lat' dir='ltr'><strong>xv&#39;11,</strong></span> <span class='ocrx_word' id='word_1_89' title='bbox 2151 1878 2264 1939; x_wconf 89' lang='lat' dir='ltr'><strong>est</strong></span> <span class='ocrx_word' id='word_1_90' title='bbox 2322 1867 2399 1938; x_wconf 91' lang='lat' dir='ltr'><strong>in</strong></span> <span class='ocrx_word' id='word_1_91' title='bbox 2453 1877 2659 1938; x_wconf 89' lang='lat' dir='ltr'><strong>recta</strong></span> <span class='ocrx_word' id='word_1_92' title='bbox 2709 1867 2831 1937; x_wconf 90' lang='lat' dir='ltr'><strong>axi</strong></span> 
     </span>
    </p>
   </div>
   <div class='ocr_carea' id='block_1_5' title="bbox 625 1979 2826 2308">
    <p class='ocr_par' dir='ltr' id='par_1_6' title="bbox 625 1979 2826 2308">
     <span class='ocr_line' id='line_1_16' title="bbox 705 1979 2825 2078; baseline -0.003 -22"><span class='ocrx_word' id='word_1_93' title='bbox 705 2000 724 2009; x_wconf 86' lang='lat'><strong>·</strong></span> <span class='ocrx_word' id='word_1_94' title='bbox 767 1982 1138 2078; x_wconf 88' lang='lat' dir='ltr'><strong>parallela,</strong></span> <span class='ocrx_word' id='word_1_95' title='bbox 1203 2005 1366 2077; x_wconf 84' lang='lat' dir='ltr'><strong>quae</strong></span> <span class='ocrx_word' id='word_1_96' title='bbox 1417 1981 1629 2053; x_wconf 87' lang='lat' dir='ltr'><strong>basin</strong></span> <span class='ocrx_word' id='word_1_97' title='bbox 1689 1980 1952 2053; x_wconf 89' lang='lat' dir='ltr'><strong>dividit</strong></span> <span class='ocrx_word' id='word_1_98' title='bbox 2019 1979 2420 2053; x_wconf 88' lang='lat' dir='ltr'><strong>secundum</strong></span> <span class='ocrx_word' id='word_1_99' title='bbox 2479 2001 2825 2051; x_wconf 88' lang='lat' dir='ltr'><strong>numeros</strong></span> 
     </span>
     <span class='ocr_line' id='line_1_17' title="bbox 703 2090 2826 2189; baseline -0.004 -19"><span class='ocrx_word' id='word_1_100' title='bbox 703 2129 724 2138; x_wconf 92' lang='lat'><strong>·</strong></span> <span class='ocrx_word' id='word_1_101' title='bbox 767 2095 1147 2169; x_wconf 88' lang='lat' dir='ltr'><strong>fractionis</strong></span> <span class='ocrx_word' id='word_1_102' title='bbox 1215 2095 1293 2167; x_wconf 90' lang='lat' dir='ltr'><strong>in</strong></span> <span class='ocrx_word' id='word_1_103' title='bbox 1361 2095 1683 2168; x_wconf 88' lang='lat' dir='ltr'><strong>secundo</strong></span> <span class='ocrx_word' id='word_1_104' title='bbox 1754 2094 2011 2167; x_wconf 89' lang='lat' dir='ltr'><strong>ordine</strong></span> <span class='ocrx_word' id='word_1_105' title='bbox 2064 2093 2395 2189; x_wconf 87' lang='lat' dir='ltr'><strong>proxime</strong></span> <span class='ocrx_word' id='word_1_106' title='bbox 2454 2090 2826 2178; x_wconf 88' lang='lat' dir='ltr'><strong>inferiore,</strong></span> 
     </span>
     <span class='ocr_line' id='line_1_18' title="bbox 625 2204 2825 2308; baseline -0.001 -31"><span class='ocrx_word' id='word_1_107' title='bbox 625 2246 726 2308; x_wconf 40' lang='grc' dir='ltr'><strong>ω..</strong></span> <span class='ocrx_word' id='word_1_108' title='bbox 769 2209 876 2282; x_wconf 91' lang='lat' dir='ltr'><strong>ita</strong></span> <span class='ocrx_word' id='word_1_109' title='bbox 898 2220 984 2281; x_wconf 89' lang='lat' dir='ltr'><strong>ut</strong></span> <span class='ocrx_word' id='word_1_110' title='bbox 1009 2218 1434 2280; x_wconf 89' lang='lat' dir='ltr'><strong>numerator</strong></span> <span class='ocrx_word' id='word_1_111' title='bbox 1453 2206 1896 2302; x_wconf 87' lang='lat' dir='ltr'><strong>respondeat</strong></span> <span class='ocrx_word' id='word_1_112' title='bbox 1920 2206 2117 2302; x_wconf 88' lang='lat' dir='ltr'><strong>parti</strong></span> <span class='ocrx_word' id='word_1_113' title='bbox 2145 2230 2309 2303; x_wconf 80' lang='lat' dir='ltr'><strong>quae</strong></span> <span class='ocrx_word' id='word_1_114' title='bbox 2337 2216 2451 2278; x_wconf 88' lang='lat' dir='ltr'><strong>est</strong></span> <span class='ocrx_word' id='word_1_115' title='bbox 2471 2204 2568 2277; x_wconf 90' lang='lat' dir='ltr'><strong>ad</strong></span> <span class='ocrx_word' id='word_1_116' title='bbox 2591 2227 2825 2275; x_wconf 86' lang='lat' dir='ltr'><strong>axem.</strong></span> 
     </span>
    </p>
   </div>
   <div class='ocr_carea' id='block_1_6' title="bbox 753 2316 2827 4453">
    <p class='ocr_par' dir='ltr' id='par_1_7' title="bbox 753 2316 2827 4453">
     <span class='ocr_line' id='line_1_19' title="bbox 869 2316 2826 2417; baseline -0.003 -22"><span class='ocrx_word' id='word_1_117' title='bbox 869 2322 1216 2395; x_wconf 88' lang='lat' dir='ltr'><strong>Sumatur</strong></span> <span class='ocrx_word' id='word_1_118' title='bbox 1276 2319 1383 2413; x_wconf 92' lang='lat' dir='ltr'><strong>(in</strong></span> <span class='ocrx_word' id='word_1_119' title='bbox 1436 2321 1562 2417; x_wconf 86' lang='lat' dir='ltr'><strong>fig.</strong></span> <span class='ocrx_word' id='word_1_120' title='bbox 1600 2319 1710 2413; x_wconf 91' lang='lat'><strong>6),</strong></span> <span class='ocrx_word' id='word_1_121' title='bbox 1768 2318 2080 2415; x_wconf 87' lang='lat' dir='ltr'><strong>exempli</strong></span> <span class='ocrx_word' id='word_1_122' title='bbox 2136 2342 2377 2406; x_wconf 91' lang='lat' dir='ltr'><strong>causa,</strong></span> <span class='ocrx_word' id='word_1_123' title='bbox 2427 2341 2518 2389; x_wconf 90' lang='lat' dir='ltr'><strong>ex</strong></span> <span class='ocrx_word' id='word_1_124' title='bbox 2567 2316 2826 2389; x_wconf 90' lang='lat' dir='ltr'><strong>mediis</strong></span> 
     </span>
     <span class='ocr_line' id='line_1_20' title="bbox 765 2433 2827 2530; baseline -0.002 -24"><span class='ocrx_word' id='word_1_125' title='bbox 765 2434 1001 2507; x_wconf 89' lang='lat' dir='ltr'><strong>tribus</strong></span> <span class='ocrx_word' id='word_1_126' title='bbox 1034 2433 1374 2530; x_wconf 90' lang='lat' dir='ltr'><strong>primum,</strong></span> <span class='ocrx_word' id='word_1_127' title='bbox 1412 2435 1618 2529; x_wconf 91' lang='lat' dir='ltr'><strong>cujus</strong></span> <span class='ocrx_word' id='word_1_128' title='bbox 1654 2433 1971 2506; x_wconf 85' lang='lat' dir='ltr'><strong>semissis</strong></span> <span class='ocrx_word' id='word_1_129' title='bbox 2008 2433 2105 2505; x_wconf 88' lang='lat' dir='ltr'><strong>sit</strong></span> <span class='ocrx_word' id='word_1_130' title='bbox 2142 2433 2355 2506; x_wconf 91' lang='lat' dir='ltr'><strong>ABC</strong></span> <span class='ocrx_word' id='word_1_131' title='bbox 2378 2433 2468 2520; x_wconf 87' lang='lat' dir='ltr'><strong>D,</strong></span> <span class='ocrx_word' id='word_1_132' title='bbox 2500 2443 2574 2503; x_wconf 89' lang='lat' dir='ltr'><strong>et</strong></span> <span class='ocrx_word' id='word_1_133' title='bbox 2629 2454 2827 2503; x_wconf 91' lang='lat' dir='ltr'><strong>com-</strong></span> 
     </span>
     <span class='ocr_line' id='line_1_21' title="bbox 764 2542 2825 2644; baseline -0.001 -24"><span class='ocrx_word' id='word_1_134' title='bbox 764 2548 1054 2644; x_wconf 88' lang='lat' dir='ltr'><strong>pleatur</strong></span> <span class='ocrx_word' id='word_1_135' title='bbox 1088 2546 1595 2643; x_wconf 87' lang='lat' dir='ltr'><strong>rectangulum</strong></span> <span class='ocrx_word' id='word_1_136' title='bbox 1628 2546 1697 2619; x_wconf 95' lang='lat' dir='ltr'>A</span> <span class='ocrx_word' id='word_1_137' title='bbox 1721 2547 1780 2620; x_wconf 94' lang='lat' dir='ltr'><strong>B</strong></span> <span class='ocrx_word' id='word_1_138' title='bbox 1801 2547 1861 2619; x_wconf 90' lang='lat' dir='ltr'><strong>E</strong></span> <span class='ocrx_word' id='word_1_139' title='bbox 1890 2546 2001 2631; x_wconf 89' lang='lat' dir='ltr'><strong>D;</strong></span> <span class='ocrx_word' id='word_1_140' title='bbox 2057 2570 2281 2643; x_wconf 89' lang='lat' dir='ltr'><strong>quare</strong></span> <span class='ocrx_word' id='word_1_141' title='bbox 2334 2542 2825 2640; x_wconf 90' lang='lat' dir='ltr'><strong>complemen-</strong></span> 
     </span>
     <span class='ocr_line' id='line_1_22' title="bbox 765 2658 2814 2756; baseline -0.002 -22"><span class='ocrx_word' id='word_1_142' title='bbox 765 2675 925 2734; x_wconf 92' lang='lat' dir='ltr'><strong>tum</strong></span> <span class='ocrx_word' id='word_1_143' title='bbox 993 2661 1133 2735; x_wconf 88' lang='lat' dir='ltr'><strong>erit</strong></span> <span class='ocrx_word' id='word_1_144' title='bbox 1201 2661 1552 2743; x_wconf 86' lang='lat' dir='ltr'>BCDE;</span> <span class='ocrx_word' id='word_1_145' title='bbox 1642 2672 1718 2733; x_wconf 91' lang='lat' dir='ltr'><strong>et</strong></span> <span class='ocrx_word' id='word_1_146' title='bbox 1795 2660 2162 2756; x_wconf 92' lang='lat' dir='ltr'><strong>quoniam,</strong></span> <span class='ocrx_word' id='word_1_147' title='bbox 2247 2683 2380 2755; x_wconf 90' lang='lat' dir='ltr'><strong>per</strong></span> <span class='ocrx_word' id='word_1_148' title='bbox 2445 2658 2814 2745; x_wconf 88' lang='lat' dir='ltr'><strong>tabellam,</strong></span> 
     </span>
     <span class='ocr_line' id='line_1_23' title="bbox 763 2770 2825 2870; baseline -0.003 -22"><span class='ocrx_word' id='word_1_149' title='bbox 763 2775 1084 2848; x_wconf 90' lang='lat' dir='ltr'><strong>ABED</strong></span> <span class='ocrx_word' id='word_1_150' title='bbox 1145 2786 1255 2847; x_wconf 91' lang='lat' dir='ltr'><strong>est</strong></span> <span class='ocrx_word' id='word_1_151' title='bbox 1313 2773 1408 2846; x_wconf 92' lang='lat' dir='ltr'><strong>ad</strong></span> <span class='ocrx_word' id='word_1_152' title='bbox 1458 2775 1771 2870; x_wconf 84' lang='lat' dir='ltr'><strong>figuram</strong></span> <span class='ocrx_word' id='word_1_153' title='bbox 1820 2773 2139 2845; x_wconf 89' lang='lat' dir='ltr'><strong>ABCD</strong></span> <span class='ocrx_word' id='word_1_154' title='bbox 2185 2785 2272 2845; x_wconf 91' lang='lat' dir='ltr'><strong>ut</strong></span> <span class='ocrx_word' id='word_1_155' title='bbox 2327 2783 2368 2845; x_wconf 93' lang='lat'>5</span> <span class='ocrx_word' id='word_1_156' title='bbox 2421 2770 2516 2843; x_wconf 92' lang='lat' dir='ltr'><strong>ad</strong></span> <span class='ocrx_word' id='word_1_157' title='bbox 2558 2780 2630 2858; x_wconf 90' lang='lat'><strong>4,</strong></span> <span class='ocrx_word' id='word_1_158' title='bbox 2684 2770 2825 2842; x_wconf 87' lang='lat' dir='ltr'><strong>erit</strong></span> 
     </span>
     <span class='ocr_line' id='line_1_24' title="bbox 764 2885 2817 2982; baseline -0.003 -21"><span class='ocrx_word' id='word_1_159' title='bbox 764 2888 1019 2961; x_wconf 90' lang='lat' dir='ltr'><strong>eadem</strong></span> <span class='ocrx_word' id='word_1_160' title='bbox 1072 2887 1392 2959; x_wconf 92' lang='lat' dir='ltr'><strong>ABED</strong></span> <span class='ocrx_word' id='word_1_161' title='bbox 1449 2886 1544 2959; x_wconf 90' lang='lat' dir='ltr'><strong>ad</strong></span> <span class='ocrx_word' id='word_1_162' title='bbox 1609 2886 2226 2982; x_wconf 86' lang='lat' dir='ltr'><strong>complementum</strong></span> <span class='ocrx_word' id='word_1_163' title='bbox 2282 2885 2582 2958; x_wconf 90' lang='lat' dir='ltr'><strong>BCDE</strong></span> <span class='ocrx_word' id='word_1_164' title='bbox 2637 2895 2722 2955; x_wconf 91' lang='lat' dir='ltr'><strong>ut</strong></span> <span class='ocrx_word' id='word_1_165' title='bbox 2776 2893 2817 2955; x_wconf 93' lang='lat'>5</span> 
     </span>
     <span class='ocr_line' id='line_1_25' title="bbox 761 2997 2812 3094; baseline -0.001 -22"><span class='ocrx_word' id='word_1_166' title='bbox 761 3000 857 3073; x_wconf 88' lang='lat' dir='ltr'><strong>ad</strong></span> <span class='ocrx_word' id='word_1_167' title='bbox 926 3010 986 3073; x_wconf 90' lang='lat' dir='ltr'><strong>l.</strong></span> <span class='ocrx_word' id='word_1_168' title='bbox 1092 2999 1340 3074; x_wconf 76' lang='lat' dir='ltr'><strong>Quare</strong></span> <span class='ocrx_word' id='word_1_169' title='bbox 1384 2999 1446 3070; x_wconf 93' lang='lat' dir='ltr'><strong>si</strong></span> <span class='ocrx_word' id='word_1_170' title='bbox 1497 2999 1810 3072; x_wconf 89' lang='lat' dir='ltr'><strong>ducatur</strong></span> <span class='ocrx_word' id='word_1_171' title='bbox 1863 3001 1919 3072; x_wconf 90' lang='lat' dir='ltr'><strong>F</strong></span> <span class='ocrx_word' id='word_1_172' title='bbox 1940 3000 2004 3072; x_wconf 91' lang='lat' dir='ltr'>G</span> <span class='ocrx_word' id='word_1_173' title='bbox 2035 3000 2194 3072; x_wconf 90' lang='lat' dir='ltr'><strong>basi</strong></span> <span class='ocrx_word' id='word_1_174' title='bbox 2238 3001 2304 3072; x_wconf 93' lang='lat' dir='ltr'>D</span> <span class='ocrx_word' id='word_1_175' title='bbox 2326 2999 2392 3071; x_wconf 88' lang='lat' dir='ltr'><strong>A</strong></span> <span class='ocrx_word' id='word_1_176' title='bbox 2439 2997 2812 3094; x_wconf 89' lang='lat' dir='ltr'><strong>parallela,</strong></span> 
     </span>
     <span class='ocr_line' id='line_1_26' title="bbox 762 3109 2818 3199; baseline -0.002 -12"><span class='ocrx_word' id='word_1_177' title='bbox 762 3137 1016 3188; x_wconf 89' lang='lat' dir='ltr'><strong>secans</strong></span> <span class='ocrx_word' id='word_1_178' title='bbox 1050 3137 1261 3186; x_wconf 83' lang='lat' dir='ltr'><strong>axem</strong></span> <span class='ocrx_word' id='word_1_179' title='bbox 1295 3113 1403 3186; x_wconf 90' lang='lat' dir='ltr'><strong>ita</strong></span> <span class='ocrx_word' id='word_1_180' title='bbox 1451 3124 1537 3185; x_wconf 89' lang='lat' dir='ltr'><strong>ut</strong></span> <span class='ocrx_word' id='word_1_181' title='bbox 1570 3114 1713 3187; x_wconf 91' lang='lat' dir='ltr'><strong>AG</strong></span> <span class='ocrx_word' id='word_1_182' title='bbox 1763 3113 1860 3186; x_wconf 88' lang='lat' dir='ltr'><strong>sit</strong></span> <span class='ocrx_word' id='word_1_183' title='bbox 1893 3112 1989 3186; x_wconf 91' lang='lat' dir='ltr'><strong>ad</strong></span> <span class='ocrx_word' id='word_1_184' title='bbox 2034 3113 2098 3186; x_wconf 92' lang='lat' dir='ltr'>G</span> <span class='ocrx_word' id='word_1_185' title='bbox 2119 3114 2181 3185; x_wconf 94' lang='lat' dir='ltr'><strong>B</strong></span> <span class='ocrx_word' id='word_1_186' title='bbox 2223 3126 2309 3186; x_wconf 94' lang='lat' dir='ltr'><strong>ut</strong></span> <span class='ocrx_word' id='word_1_187' title='bbox 2343 3122 2386 3185; x_wconf 87' lang='grc'><strong>4</strong></span> <span class='ocrx_word' id='word_1_188' title='bbox 2420 3111 2514 3185; x_wconf 90' lang='lat' dir='ltr'><strong>ad</strong></span> <span class='ocrx_word' id='word_1_189' title='bbox 2551 3120 2620 3199; x_wconf 92' lang='lat'><strong>5,</strong></span> <span class='ocrx_word' id='word_1_190' title='bbox 2674 3109 2818 3182; x_wconf 89' lang='lat' dir='ltr'><strong>erit</strong></span> 
     </span>
     <span class='ocr_line' id='line_1_27' title="bbox 759 3225 2820 3322; baseline -0.001 -23"><span class='ocrx_word' id='word_1_191' title='bbox 759 3238 1093 3300; x_wconf 90' lang='lat' dir='ltr'><strong>centrum</strong></span> <span class='ocrx_word' id='word_1_192' title='bbox 1159 3225 1546 3322; x_wconf 86' lang='lat' dir='ltr'><strong>aequilibrii</strong></span> <span class='ocrx_word' id='word_1_193' title='bbox 1613 3228 1869 3322; x_wconf 87' lang='lat' dir='ltr'><strong>figurae</strong></span> <span class='ocrx_word' id='word_1_194' title='bbox 1927 3225 1994 3297; x_wconf 93' lang='lat' dir='ltr'><strong>A</strong></span> <span class='ocrx_word' id='word_1_195' title='bbox 2018 3226 2077 3297; x_wconf 93' lang='lat' dir='ltr'><strong>B</strong></span> <span class='ocrx_word' id='word_1_196' title='bbox 2101 3226 2160 3298; x_wconf 88' lang='lat' dir='ltr'>C</span> <span class='ocrx_word' id='word_1_197' title='bbox 2190 3226 2280 3315; x_wconf 89' lang='lat' dir='ltr'><strong>D,</strong></span> <span class='ocrx_word' id='word_1_198' title='bbox 2348 3248 2481 3321; x_wconf 89' lang='lat' dir='ltr'><strong>per</strong></span> <span class='ocrx_word' id='word_1_199' title='bbox 2544 3247 2820 3319; x_wconf 87' lang='lat' dir='ltr'><strong>praece-</strong></span> 
     </span>
     <span class='ocr_line' id='line_1_28' title="bbox 758 3339 2813 3435; baseline -0.001 -23"><span class='ocrx_word' id='word_1_200' title='bbox 758 3339 1076 3429; x_wconf 89' lang='lat' dir='ltr'><strong>dentem,</strong></span> <span class='ocrx_word' id='word_1_201' title='bbox 1129 3341 1206 3412; x_wconf 92' lang='lat' dir='ltr'><strong>in</strong></span> <span class='ocrx_word' id='word_1_202' title='bbox 1257 3341 1417 3435; x_wconf 92' lang='lat' dir='ltr'><strong>ipsa</strong></span> <span class='ocrx_word' id='word_1_203' title='bbox 1448 3340 1578 3413; x_wconf 91' lang='lat' dir='ltr'><strong>FG</strong></span> <span class='ocrx_word' id='word_1_204' title='bbox 1612 3339 1903 3412; x_wconf 87' lang='lat' dir='ltr'><strong>alicubi.</strong></span> <span class='ocrx_word' id='word_1_205' title='bbox 2007 3339 2311 3428; x_wconf 88' lang='lat' dir='ltr'><strong>Rursus,</strong></span> <span class='ocrx_word' id='word_1_206' title='bbox 2366 3362 2499 3434; x_wconf 90' lang='lat' dir='ltr'><strong>per</strong></span> <span class='ocrx_word' id='word_1_207' title='bbox 2537 3361 2813 3433; x_wconf 85' lang='lat' dir='ltr'><strong>praece-</strong></span> 
     </span>
     <span class='ocr_line' id='line_1_29' title="bbox 756 3449 2819 3549; baseline -0.002 -23"><span class='ocrx_word' id='word_1_208' title='bbox 756 3453 1076 3542; x_wconf 88' lang='lat' dir='ltr'><strong>dentem,</strong></span> <span class='ocrx_word' id='word_1_209' title='bbox 1115 3454 1459 3549; x_wconf 87' lang='lat' dir='ltr'><strong>quoniam</strong></span> <span class='ocrx_word' id='word_1_210' title='bbox 1492 3454 1732 3548; x_wconf 83' lang='lat' dir='ltr'><strong>figura</strong></span> <span class='ocrx_word' id='word_1_211' title='bbox 1764 3452 2130 3547; x_wconf 90' lang='lat' dir='ltr'><strong>completa</strong></span> <span class='ocrx_word' id='word_1_212' title='bbox 2178 3453 2243 3523; x_wconf 93' lang='lat' dir='ltr'><strong>A</strong></span> <span class='ocrx_word' id='word_1_213' title='bbox 2268 3453 2327 3524; x_wconf 92' lang='lat' dir='ltr'><strong>B</strong></span> <span class='ocrx_word' id='word_1_214' title='bbox 2351 3453 2410 3524; x_wconf 93' lang='lat' dir='ltr'>E</span> <span class='ocrx_word' id='word_1_215' title='bbox 2437 3451 2503 3523; x_wconf 92' lang='lat' dir='ltr'>D</span> <span class='ocrx_word' id='word_1_216' title='bbox 2555 3462 2670 3523; x_wconf 88' lang='lat' dir='ltr'><strong>est</strong></span> <span class='ocrx_word' id='word_1_217' title='bbox 2723 3449 2819 3523; x_wconf 88' lang='lat' dir='ltr'><strong>ad</strong></span> 
     </span>
     <span class='ocr_line' id='line_1_30' title="bbox 756 3564 2816 3662; baseline -0.001 -23"><span class='ocrx_word' id='word_1_218' title='bbox 756 3567 1371 3662; x_wconf 88' lang='lat' dir='ltr'><strong>complementum</strong></span> <span class='ocrx_word' id='word_1_219' title='bbox 1400 3565 1459 3636; x_wconf 92' lang='lat' dir='ltr'><strong>B</strong></span> <span class='ocrx_word' id='word_1_220' title='bbox 1485 3565 1542 3637; x_wconf 85' lang='lat' dir='ltr'>O</span> <span class='ocrx_word' id='word_1_221' title='bbox 1571 3566 1638 3637; x_wconf 93' lang='lat' dir='ltr'>D</span> <span class='ocrx_word' id='word_1_222' title='bbox 1660 3567 1721 3637; x_wconf 91' lang='lat' dir='ltr'>E</span> <span class='ocrx_word' id='word_1_223' title='bbox 1753 3577 1840 3637; x_wconf 94' lang='lat' dir='ltr'><strong>ut</strong></span> <span class='ocrx_word' id='word_1_224' title='bbox 1874 3574 1916 3638; x_wconf 90' lang='lat'>5</span> <span class='ocrx_word' id='word_1_225' title='bbox 1954 3564 2052 3637; x_wconf 90' lang='lat' dir='ltr'><strong>ad</strong></span> <span class='ocrx_word' id='word_1_226' title='bbox 2087 3573 2150 3654; x_wconf 94' lang='lat' dir='ltr'><strong>l,</strong></span> <span class='ocrx_word' id='word_1_227' title='bbox 2188 3564 2436 3637; x_wconf 86' lang='lat' dir='ltr'><strong>divisis</strong></span> <span class='ocrx_word' id='word_1_228' title='bbox 2464 3565 2526 3636; x_wconf 94' lang='lat' dir='ltr'><strong>B</strong></span> <span class='ocrx_word' id='word_1_229' title='bbox 2546 3565 2630 3651; x_wconf 93' lang='lat' dir='ltr'><strong>E,</strong></span> <span class='ocrx_word' id='word_1_230' title='bbox 2660 3565 2728 3636; x_wconf 91' lang='lat' dir='ltr'><strong>A</strong></span> <span class='ocrx_word' id='word_1_231' title='bbox 2749 3565 2816 3637; x_wconf 94' lang='lat' dir='ltr'>D</span> 
     </span>
     <span class='ocr_line' id='line_1_31' title="bbox 753 3678 2819 3772; baseline -0.001 -20"><span class='ocrx_word' id='word_1_232' title='bbox 753 3678 831 3751; x_wconf 91' lang='lat' dir='ltr'><strong>in</strong></span> <span class='ocrx_word' id='word_1_233' title='bbox 888 3681 960 3752; x_wconf 92' lang='lat' dir='ltr'><strong>H</strong></span> <span class='ocrx_word' id='word_1_234' title='bbox 1017 3691 1094 3752; x_wconf 89' lang='lat' dir='ltr'><strong>et</strong></span> <span class='ocrx_word' id='word_1_235' title='bbox 1150 3680 1184 3751; x_wconf 95' lang='lat' dir='ltr'>I</span> <span class='ocrx_word' id='word_1_236' title='bbox 1235 3679 1312 3751; x_wconf 91' lang='lat' dir='ltr'><strong>in</strong></span> <span class='ocrx_word' id='word_1_237' title='bbox 1362 3679 1651 3752; x_wconf 88' lang='lat' dir='ltr'><strong>ratione</strong></span> <span class='ocrx_word' id='word_1_238' title='bbox 1705 3688 1746 3750; x_wconf 92' lang='lat'>5</span> <span class='ocrx_word' id='word_1_239' title='bbox 1785 3678 1880 3751; x_wconf 91' lang='lat' dir='ltr'><strong>ad</strong></span> <span class='ocrx_word' id='word_1_240' title='bbox 1933 3688 1997 3766; x_wconf 92' lang='lat'><strong>1,</strong></span> <span class='ocrx_word' id='word_1_241' title='bbox 2037 3679 2178 3750; x_wconf 88' lang='lat' dir='ltr'><strong>erit</strong></span> <span class='ocrx_word' id='word_1_242' title='bbox 2222 3690 2558 3751; x_wconf 89' lang='lat' dir='ltr'><strong>centrum</strong></span> <span class='ocrx_word' id='word_1_243' title='bbox 2591 3678 2819 3772; x_wconf 88' lang='lat' dir='ltr'><strong>aequi-</strong></span> 
     </span>
     <span class='ocr_line' id='line_1_32' title="bbox 753 3791 2813 3888; baseline 0 -25"><span class='ocrx_word' id='word_1_244' title='bbox 753 3791 948 3864; x_wconf 89' lang='lat' dir='ltr'><strong>librii</strong></span> <span class='ocrx_word' id='word_1_245' title='bbox 1002 3792 1517 3888; x_wconf 89' lang='lat' dir='ltr'><strong>complementi</strong></span> <span class='ocrx_word' id='word_1_246' title='bbox 1573 3791 1706 3864; x_wconf 89' lang='lat' dir='ltr'><strong>BC</strong></span> <span class='ocrx_word' id='word_1_247' title='bbox 1732 3792 1798 3864; x_wconf 92' lang='lat' dir='ltr'>D</span> <span class='ocrx_word' id='word_1_248' title='bbox 1823 3793 1883 3864; x_wconf 91' lang='lat' dir='ltr'><strong>E</strong></span> <span class='ocrx_word' id='word_1_249' title='bbox 1934 3791 2203 3864; x_wconf 89' lang='lat' dir='ltr'><strong>alicubi</strong></span> <span class='ocrx_word' id='word_1_250' title='bbox 2254 3792 2331 3864; x_wconf 91' lang='lat' dir='ltr'><strong>in</strong></span> <span class='ocrx_word' id='word_1_251' title='bbox 2380 3792 2605 3864; x_wconf 89' lang='lat' dir='ltr'><strong>ducta</strong></span> <span class='ocrx_word' id='word_1_252' title='bbox 2654 3792 2728 3863; x_wconf 91' lang='lat' dir='ltr'><strong>H</strong></span> <span class='ocrx_word' id='word_1_253' title='bbox 2754 3792 2813 3864; x_wconf 86' lang='grc' dir='ltr'><strong>Ι.</strong></span> 
     </span>
     <span class='ocr_line' id='line_1_33' title="bbox 755 3903 2815 4001; baseline 0 -25"><span class='ocrx_word' id='word_1_254' title='bbox 755 3903 1086 3978; x_wconf 88' lang='lat' dir='ltr'><strong>Ducatur</strong></span> <span class='ocrx_word' id='word_1_255' title='bbox 1153 3906 1306 4000; x_wconf 88' lang='lat' dir='ltr'><strong>jam</strong></span> <span class='ocrx_word' id='word_1_256' title='bbox 1378 3928 1510 4000; x_wconf 91' lang='lat' dir='ltr'><strong>per</strong></span> <span class='ocrx_word' id='word_1_257' title='bbox 1573 3916 1911 3978; x_wconf 89' lang='lat' dir='ltr'><strong>centrum</strong></span> <span class='ocrx_word' id='word_1_258' title='bbox 1961 3904 2219 4001; x_wconf 76' lang='lat' dir='ltr'><strong>figurae</strong></span> <span class='ocrx_word' id='word_1_259' title='bbox 2288 3904 2670 3999; x_wconf 77' lang='lat' dir='ltr'><strong>completae</strong></span> <span class='ocrx_word' id='word_1_260' title='bbox 2731 3903 2815 3976; x_wconf 93' lang='lat' dir='ltr'>M</span> 
     </span>
     <span class='ocr_line' id='line_1_34' title="bbox 753 4015 2813 4114; baseline -0 -25"><span class='ocrx_word' id='word_1_261' title='bbox 753 4029 958 4090; x_wconf 91' lang='lat' dir='ltr'><strong>recta</strong></span> <span class='ocrx_word' id='word_1_262' title='bbox 1012 4017 1073 4090; x_wconf 94' lang='lat' dir='ltr'>L</span> <span class='ocrx_word' id='word_1_263' title='bbox 1101 4019 1168 4090; x_wconf 91' lang='lat' dir='ltr'>K</span> <span class='ocrx_word' id='word_1_264' title='bbox 1219 4017 1376 4090; x_wconf 90' lang='lat' dir='ltr'><strong>basi</strong></span> <span class='ocrx_word' id='word_1_265' title='bbox 1431 4017 1801 4114; x_wconf 87' lang='lat' dir='ltr'><strong>parallela‚</strong></span> <span class='ocrx_word' id='word_1_266' title='bbox 1851 4028 1930 4089; x_wconf 92' lang='lat' dir='ltr'><strong>et</strong></span> <span class='ocrx_word' id='word_1_267' title='bbox 1967 4017 2201 4090; x_wconf 87' lang='lat' dir='ltr'><strong>altera</strong></span> <span class='ocrx_word' id='word_1_268' title='bbox 2248 4018 2388 4113; x_wconf 90' lang='lat' dir='ltr'><strong>ipsi</strong></span> <span class='ocrx_word' id='word_1_269' title='bbox 2424 4041 2555 4113; x_wconf 90' lang='lat' dir='ltr'><strong>per</strong></span> <span class='ocrx_word' id='word_1_270' title='bbox 2617 4015 2813 4089; x_wconf 88' lang='lat' dir='ltr'><strong>idem</strong></span> 
     </span>
     <span class='ocr_line' id='line_1_35' title="bbox 756 4129 2814 4227; baseline 0 -26"><span class='ocrx_word' id='word_1_271' title='bbox 756 4142 1090 4204; x_wconf 87' lang='lat' dir='ltr'><strong>centrum</strong></span> <span class='ocrx_word' id='word_1_272' title='bbox 1158 4129 1242 4202; x_wconf 93' lang='lat' dir='ltr'>M</span> <span class='ocrx_word' id='word_1_273' title='bbox 1304 4129 1927 4227; x_wconf 89' lang='lat' dir='ltr'><strong>perpendicularis</strong></span> <span class='ocrx_word' id='word_1_274' title='bbox 1996 4130 2066 4202; x_wconf 94' lang='lat' dir='ltr'>N</span> <span class='ocrx_word' id='word_1_275' title='bbox 2090 4130 2200 4214; x_wconf 88' lang='lat'><strong>0;</strong></span> <span class='ocrx_word' id='word_1_276' title='bbox 2272 4142 2497 4203; x_wconf 84' lang='lat' dir='ltr'><strong>rectae</strong></span> <span class='ocrx_word' id='word_1_277' title='bbox 2563 4141 2814 4202; x_wconf 90' lang='lat' dir='ltr'><strong>autem</strong></span> 
     </span>
     <span class='ocr_line' id='line_1_36' title="bbox 755 4242 2811 4333; baseline 0 -18"><span class='ocrx_word' id='word_1_278' title='bbox 755 4243 818 4315; x_wconf 94' lang='lat' dir='ltr'>L</span> <span class='ocrx_word' id='word_1_279' title='bbox 845 4246 937 4333; x_wconf 91' lang='lat' dir='ltr'><strong>K,</strong></span> <span class='ocrx_word' id='word_1_280' title='bbox 1000 4246 1055 4316; x_wconf 90' lang='lat' dir='ltr'>F</span> <span class='ocrx_word' id='word_1_281' title='bbox 1076 4244 1140 4317; x_wconf 92' lang='lat' dir='ltr'><strong>G</strong></span> <span class='ocrx_word' id='word_1_282' title='bbox 1190 4255 1440 4317; x_wconf 87' lang='lat' dir='ltr'><strong>secent</strong></span> <span class='ocrx_word' id='word_1_283' title='bbox 1466 4254 1746 4315; x_wconf 91' lang='lat' dir='ltr'><strong>rectam</strong></span> <span class='ocrx_word' id='word_1_284' title='bbox 1785 4244 1857 4315; x_wconf 93' lang='lat' dir='ltr'><strong>H</strong></span> <span class='ocrx_word' id='word_1_285' title='bbox 1890 4244 1924 4315; x_wconf 94' lang='lat' dir='ltr'>I</span> <span class='ocrx_word' id='word_1_286' title='bbox 1957 4243 2034 4315; x_wconf 94' lang='lat' dir='ltr'><strong>in</strong></span> <span class='ocrx_word' id='word_1_287' title='bbox 2070 4244 2126 4315; x_wconf 95' lang='lat' dir='ltr'>P</span> <span class='ocrx_word' id='word_1_288' title='bbox 2154 4255 2229 4316; x_wconf 91' lang='lat' dir='ltr'><strong>et</strong></span> <span class='ocrx_word' id='word_1_289' title='bbox 2264 4243 2356 4318; x_wconf 76' lang='lat' dir='ltr'><strong>Q.</strong></span> <span class='ocrx_word' id='word_1_290' title='bbox 2464 4242 2811 4331; x_wconf 83' lang='lat' dir='ltr'><strong>Sumatur</strong></span> 
     </span>
     <span class='ocr_line' id='line_1_37' title="bbox 761 4355 2810 4453; baseline 0.001 -25"><span class='ocrx_word' id='word_1_291' title='bbox 761 4356 817 4427; x_wconf 96' lang='lat' dir='ltr'>P</span> <span class='ocrx_word' id='word_1_292' title='bbox 837 4357 906 4429; x_wconf 90' lang='lat' dir='ltr'>R</span> <span class='ocrx_word' id='word_1_293' title='bbox 958 4355 1363 4452; x_wconf 86' lang='lat' dir='ltr'><strong>quadrupla</strong></span> <span class='ocrx_word' id='word_1_294' title='bbox 1420 4366 1644 4430; x_wconf 85' lang='lat' dir='ltr'><strong>rectae</strong></span> <span class='ocrx_word' id='word_1_295' title='bbox 1714 4358 1770 4429; x_wconf 96' lang='lat' dir='ltr'>P</span> <span class='ocrx_word' id='word_1_296' title='bbox 1792 4357 1912 4440; x_wconf 68' lang='grc' dir='ltr'><strong>Ως</strong></span> <span class='ocrx_word' id='word_1_297' title='bbox 1987 4356 2352 4452; x_wconf 85' lang='lat' dir='ltr'><strong>ductaque</strong></span> <span class='ocrx_word' id='word_1_298' title='bbox 2413 4355 2481 4428; x_wconf 87' lang='lat' dir='ltr'>R</span> <span class='ocrx_word' id='word_1_299' title='bbox 2504 4355 2587 4428; x_wconf 95' lang='lat' dir='ltr'>M</span> <span class='ocrx_word' id='word_1_300' title='bbox 2638 4380 2810 4453; x_wconf 81' lang='lat' dir='ltr'><strong>pro-</strong></span> 
     </span>
    </p>
   </div>
  </div>
 </body>
</html>
