3182 5102
1193 503 1348 547 VITA
1378 503 1539 548 Tne.
1571 501 1853 547 HOBBES.
2496 503 2618 548 XCV

617 676 740 740 Ars
768 672 969 737 fuerat
998 692 1293 736 numeros
1323 671 1617 757 quaesitos
1644 666 2027 743 inveniendi,

701 810 908 885 Quam
929 808 1145 874 docuit
1176 808 1499 889 Gheber‚†
1527 821 1593 870 et
1621 828 1811 893 quam
1843 805 2281 892 Diophantusss
2313 806 2522 872 habet.

614 947 863 1012 Deinde
890 968 1004 1033 per
1033 945 1195 1011 hanc
1223 958 1422 1009 artem
1451 943 1648 1008 solam
1677 941 2065 1029 problemata
2095 942 2249 1007 solvi

701 1081 888 1146 Posse
904 1081 1267 1170 geometriae
1297 1093 1525 1146 cuncta
1556 1080 1797 1163 Vieta§
1827 1078 2028 1143 docet.

619 1217 884 1282 Addidit
915 1218 1187 1284 Oxoniae
1222 1217 1564 1283 Praeleotor
1597 1215 1948 1282 Savilianus

701 1352 1008 1417 Wallisius
1036 1352 1235 1417 multo
1265 1352 1476 1418 nobile
1505 1351 1738 1438 dogma
1766 1351 1996 1438 magis:

611 1489 861 1576 Nempe
890 1488 1157 1554 infinitae
1184 1488 1364 1555 molis
1393 1487 1586 1553 finem
1617 1510 1767 1564 esse,
1800 1503 1866 1551 et
1894 1486 2126 1552 habere

696 1625 977 1690 Finitum
1008 1639 1215 1712 partes
1243 1638 1308 1689 et
1336 1624 1470 1689 sine
1499 1623 1628 1688 fine
1656 1622 1869 1687 datas:

610 1761 777 1836 Quae
806 1760 934 1826 duo
964 1760 1247 1826 fecerunt
1277 1760 1524 1825 insanos
1553 1758 1873 1846 dogmata,
1907 1773 2220 1845 quotquot

699 1897 1180 1962 Festinaverunt
1207 1919 1339 1961 esse
1366 1896 1751 1983 geometrici.

618 2035 780 2100 Haec
808 2035 963 2098 mihi
992 2057 1179 2100 causa
1206 2035 1351 2099 satis
1374 2033 1689 2099 scribendi
1718 2048 1812 2097 est
1831 2035 2005 2120 justa
2032 2032 2247 2110 libelli,

695 2172 950 2255 (Annos
978 2184 1163 2235 natus
1191 2192 1361 2235 eram
1392 2170 1790 2257 septuaginta
1820 2169 2004 2252 duos)

605 2308 684 2372 In
715 2331 863 2396 qu0,
891 2307 1239 2395 Colloquiis
1261 2330 1379 2395 ego
1415 2306 1543 2371 Sex
1572 2329 1701 2372 non
1733 2305 2003 2371 molliter
2033 2307 2181 2371 istos

691 2443 920 2532 Tango
948 2463 1318 2531 geometrae,
1350 2459 1423 2508 ut
1451 2466 1758 2521 meruere,
1790 2466 2017 2521 novos3

607 2580 738 2645 Sed
764 2580 854 2645 nil
883 2579 1137 2667 profeci,
1169 2581 1412 2668 magnis
1441 2579 1810 2645 authoribus
1839 2602 2016 2645 error

691 2716 913 2781 Fultus
941 2731 1116 2795 erat3
1166 2716 1349 2781 cessit
1367 2716 1456 2781 sic
1485 2715 1796 2781 medicina
1824 2716 2010 2782 malo.

600 2852 793 2917 Tunc
821 2874 1074 2940 quoque
1102 2852 1306 2917 scribo
1341 2852 1498 2918 duos
1528 2853 1731 2940 patrio
1761 2876 2048 2919 sermone
2075 2853 2316 2921 libellos

688 2989 929 3055 Contra
960 2988 1414 3054 Bramhallum.
1509 2989 1796 3064 Quaestio
1824 2991 1956 3057 sola
1984 2992 2121 3069 fuit,

601 3127 808 3213 Cnjus
830 3130 921 3192 ad
945 3129 1290 3193 arbitrium
1309 3129 1611 3204 volumus,
1642 3139 2025 3205 nostrumne,
2059 3133 2303 3196 Deine:

689 3262 806 3328 Ille
833 3262 1107 3329 scholam
1130 3262 1433 3351 sequitur,
1465 3264 1577 3330 sed
1607 3264 1761 3328 mihi
1791 3264 1926 3330 dux
1954 3265 2114 3330 ratio
2143 3280 2257 3330 est.

604 3398 735 3463 Sex
765 3420 1015 3486 quoque
1042 3412 1185 3486 post
1211 3398 1400 3484 paulo
1427 3400 1645 3486 scripsi
1672 3398 2096 3477 Problemata,
2128 3399 2362 3466 librum

690 3533 1034 3621 Exiguum,
1064 3547 1132 3599 at
1160 3555 1340 3620 purae
1369 3532 1747 3599 fonticulum
1777 3536 2072 3622 physicae.

488 3724 521 3780 ἢ
557 3723 635 3770 De
675 3721 761 3769 illo
804 3722 912 3770 vide
961 3721 1160 3785 Josepbi
1207 3720 1441 3770 Blancani
1490 3721 1852 3786 Chronoloqiam
1894 3724 2294 3773 Mathematieam
2330 3731 2380 3773 et
2410 3723 2455 3773 J.
2492 3725 2605 3774 Ger.

422 3811 660 3859 Vossium
685 3809 762 3858 De
786 3811 1009 3860 Scintiis
1033 3812 1388 3859 Mathematici-⁸.

489 3906 516 3962 Σ
554 3902 634 3950 De
670 3903 756 3952 illo
793 3902 900 3950 vide
941 3902 1150 3950 eosdem.
1230 3901 1388 3964 Opera
1423 3907 1526 3967 ejus
1562 3903 1736 3951 Latine
1770 3903 1919 3951 edidit
1956 3902 2092 3952 Guil.
2136 3903 2401 3968 Xylander,
2444 3910 2609 3967 postea

429 3992 609 4040 Claud.
635 3992 783 4056 Gasp.
802 3991 1045 4041 Baebetus
1070 3992 1230 4040 Graec.
1269 4002 1318 4042 et
1341 3993 1449 4042 Lat.
1477 3992 1850 4041 Commentariis
1890 4002 2070 4050 ornata,
2103 3992 2234 4052 folio,
2274 3993 2426 4054 Paris,
2467 3994 2608 4052 1621,

422 4082 602 4130 Postea
624 4082 815 4131 Tolosae
837 4082 1118 4145 prodierunt
1139 4083 1278 4133 1670.
1328 4083 1562 4132 Omittam
1581 4098 1693 4145 quae
1715 4100 1743 4132 a
1760 4084 1922 4147 Raph.
1952 4083 2236 4141 Bombellio,
2254 4084 2376 4132 Sim.
2397 4083 2607 4143 Stevino,

434 4173 550 4222 Alb.
576 4173 799 4233 Girsu-do,
825 4173 963 4223 Guil.
985 4173 1265 4236 Oughtredo
1287 4180 1540 4237 procurata
1561 4181 1689 4221 sunt.

492 4266 518 4323 5
555 4265 633 4313 De
657 4264 764 4327 ipso
799 4264 909 4312 vide
947 4263 1156 4312 eosdem.
1223 4265 1382 4328 Opera
1417 4265 1522 4327 ejus
1558 4265 1769 4327 junctim
1808 4264 1967 4327 emisit
2007 4264 2086 4313 Fr.
2129 4249 2415 4312 Sch‘dte'nius
2450 4261 2607 4310 Math.

422 4353 550 4402 Prof.
575 4354 771 4417 Leydo,
801 4353 941 4414 1646,
966 4353 1096 4412 folio,
1119 4356 1202 4403 ubi
1220 4355 1424 4404 habetur
1449 4356 1555 4416 ejus
1577 4354 1709 4402 Vita.
1776 4354 1899 4402 Vide
1923 4354 2071 4403 etiam
2092 4353 2283 4402 Thuani
2307 4352 2587 4401 Historiam.
