3182 5102
592 503 682 545 XX
1347 504 1501 547 VITA
1531 503 1692 547 Tuo.
1727 502 2006 547 HOBBEs.

590 668 1087 747 transmittatur3
1132 670 1478 755 praesertim
1522 670 1642 736 hoc
1672 685 1972 756 tempore,
2003 691 2145 734 cum
2178 670 2540 734 scribuntur
2568 671 2758 759 vulgo

589 806 735 871 vitae
777 807 1185 872 obscurorum
1226 807 1574 884 hominum,
1622 807 1797 872 nulla
1834 808 2067 872 virtute
2111 807 2471 895 insignium,
2518 809 2761 874 deside-

589 957 770 1007 rante
798 943 1068 1007 nemine.

678 1077 938 1164 Scripsit
974 1091 1298 1164 praeterea,
1347 1078 1512 1142 circa
1560 1100 1800 1142 annum
1847 1078 2049 1142 aetatis
2109 1100 2240 1141 suoe
2286 1080 2755 1166 octogesimum,

591 1213 935 1279 Historiam
1003 1214 1164 1279 Belli
1226 1214 1442 1279 Civilis
1503 1214 1860 1302 Anglicani‚
1922 1214 2087 1278 inter
2149 1213 2392 1300 Regem
2455 1215 2755 1280 Carolum

586 1350 863 1436 primum
928 1364 992 1414 et
1056 1349 1549 1414 Parliamentum
1624 1350 1778 1435 ejuS‚
1852 1348 2155 1436 Anglice3
2227 1349 2379 1414 item
2438 1365 2645 1415 ortum
2695 1365 2759 1415 et

586 1488 971 1553 incrementa
1022 1488 1341 1573 potestatis
1389 1485 1762 1561 Pontificiae,
1808 1486 2087 1549 carmine
2144 1484 2397 1563 Latino,
2457 1509 2752 1552 versuum

584 1625 829 1690 circiter
856 1624 1055 1689 duum
1084 1625 1368 1689 millium.
1462 1623 1590 1689 Sed
1619 1647 1746 1689 non
1777 1623 2069 1688 sinebant
2113 1637 2395 1709 tempora
2440 1638 2511 1688 ut
2539 1624 2753 1710 publi-

590 1774 902 1825 carentur.

676 1896 1017 1962 Silentibus
1061 1895 1316 1960 tandem
1354 1894 1740 1972 adversariis,
1786 1917 2026 1959 annum
2067 1916 2260 1982 agens
2308 1896 2757 1983 octogesimum

584 2032 937 2118 septimum,
975 2031 1240 2096 Homeri
1269 2036 1612 2118 odysseam
1645 2029 1861 2107 edidit,
1892 2053 1932 2095 a
1959 2053 2026 2094 se
2054 2053 2413 2096 conversam
2449 2032 2513 2095 in
2543 2055 2757 2097 versus

587 2165 989 2254 Anglicanoffi
1057 2188 1225 2231 anno
1272 2165 1503 2230 deinde
1558 2165 1848 2251 proximo
1894 2165 2085 2229 etiam
2138 2169 2361 2232 Iliada
2385 2195 2404 2232 .·
2484 2167 2759 2256 denique

590 2307 1089 2390 Cyclometriam,
1120 2325 1359 2367 annum
1377 2323 1570 2389 agens
1595 2301 2095 2388 nonagessimum
2115 2302 2411 2387 primum,
2445 2302 2757 2390 integram

587 2439 870 2503 nondum
899 2438 1152 2503 editam.

674 2575 864 2651 Quod
894 2575 977 2640 ad
996 2575 1264 2641 formam
1290 2575 1536 2653 attinet,
1569 2574 1746 2639 vultu
1777 2588 1912 2639 erat
1941 2596 2068 2638 non
2109 2575 2403 2661 specioso,
2449 2575 2578 2652 sed,
2610 2598 2755 2641 cum

586 2711 966 2799 loqueretur,
1019 2734 1147 2776 non
1197 2711 1467 2799 ingrato.
1556 2709 1814 2798 Effigies
1861 2711 1996 2796 ejus
2046 2710 2129 2774 ad
2181 2711 2391 2775 vivum
2434 2734 2474 2776 a
2519 2713 2758 2799 pictore

586 2846 930 2913 excellente
973 2847 1302 2933 descripta,
1350 2846 1551 2934 qualis
1580 2861 1716 2911 erat
1749 2847 1951 2912 aetatis
1993 2870 2125 2911 suae
2171 2848 2647 2934 septuagesimo,
2690 2849 2757 2913 in

586 2984 861 3050 conclavi
917 2984 1111 3071 Regis
1163 2984 1377 3049 Caroli
1431 2983 1706 3048 Secundi
1756 2998 2177 3049 conservatur.
2269 2983 2512 3049 Extant
2567 2986 2758 3050 etiam

586 3121 864 3207 ejusdem
895 3121 1196 3208 imagines
1212 3121 1294 3185 ab
1323 3119 1459 3184 aliis
1486 3119 1849 3204 pictoribuS,
1877 3120 2135 3185 diversis
2162 3121 2546 3206 temporibus
2575 3120 2756 3186 factae

587 3274 811 3345 rogatu
839 3259 1203 3336 amicorum,
1240 3258 1305 3321 in
1339 3257 1576 3344 Anglia
1605 3279 1731 3322 non
1763 3279 2002 3343 paucae,
2035 3272 2099 3321 et
2128 3256 2193 3320 in
2231 3256 2442 3322 Gallia
2468 3257 2725 3344 aliquot.

675 3395 919 3461 Natura
946 3419 1076 3474 sua,
1123 3411 1187 3461 et
1214 3396 1431 3483 primis
1458 3395 1661 3472 anniS,
1702 3394 2029 3460 ferebatur
2059 3394 2141 3458 ad
2185 3394 2520 3459 lectionem
2564 3394 2758 3460 histo-

587 3534 820 3599 riarum
846 3549 910 3600 et
926 3548 1294 3621 poetarum3
1338 3545 1404 3597 et
1431 3532 1562 3618 ipse
1591 3554 1844 3619 quoque
1872 3553 2126 3596 carmen
2169 3531 2450 3608 tentavit,
2494 3553 2611 3595 nec
2660 3534 2760 3615 (ut

589 3671 843 3758 plurimi
878 3670 1283 3758 judicabunt)
1334 3670 1682 3735 infeliciter.
1776 3669 2006 3734 Postea
2051 3682 2263 3733 autem
2302 3690 2446 3732 cum
2497 3668 2561 3731 in
2609 3690 2760 3733 con-

587 3830 803 3894 gressu
851 3807 1122 3895 quodam
1175 3805 1448 3871 virorum
1478 3805 1829 3883 doctorum,
1877 3805 2198 3870 mentione
2243 3803 2407 3869 facta
2449 3804 2529 3868 de
2574 3826 2762 3869 causa

589 3944 907 4021 sensionis,
933 3957 1321 4031 quaerentem
1344 3966 1562 4021 unum,
1588 3944 1765 4031 quasi
1788 3965 1901 4029 per
1922 3956 2374 4028 contemptum,
2405 3945 2581 4013 Quid
2604 3951 2761 4007 esset

585 4104 815 4156 «emm-5,
847 4102 962 4144 nec
986 4101 1362 4168 quemquam
1394 4080 1667 4144 audisset
1694 4079 2202 4165 respondentem,
2235 4077 2599 4154 mirabatur,
2648 4076 2759 4164 qui

589 4215 726 4279 fieri
776 4216 1071 4301 potuerit,
1116 4230 1189 4281 ut
1218 4216 1326 4303 qui
1365 4217 1687 4303 sapientiae
1728 4216 1911 4281 titulo
1954 4215 2237 4280 homines
2276 4228 2532 4279 coeteros
2582 4226 2758 4277 tanto

587 4352 751 4416 fastu
779 4351 1189 4439 despicerent,
1220 4375 1361 4418 suos
1384 4353 1660 4440 ipsorum
1683 4375 1918 4429 sensu&
1953 4352 2107 4439 quid
2128 4366 2352 4428 essent,
2375 4351 2755 4438 ignorarent.

590 4488 694 4553 Ex
724 4511 798 4554 eo
828 4503 1106 4575 tempore
1135 4488 1216 4553 de
1244 4513 1430 4555 causa
1456 4489 1765 4555 sentiendi
1794 4512 1962 4574 saepe
1983 4487 2302 4577 cogitanti,
2326 4487 2484 4552 forte
2506 4486 2756 4550 fortuna
