3182 5102
1598 878 1656 912 m

1150 1046 1499 1091 LIBELLUM
1530 1047 2098 1092 PRAESTANTISSIMI

1025 1240 1571 1342 THOMAE
1655 1241 2259 1342 HOBBES,

1199 1478 1354 1527 VIBI
1388 1478 1578 1527 VERE
1614 1478 2053 1541 PHILOSOPHI,

1098 1664 1224 1729 DE
1270 1664 1668 1730 NATURA
1716 1665 2147 1733 HOMINIS.

1428 1910 1818 1921 —————.

1428 1923 1816 1933 ——-————.

1021 2124 1173 2189 QUAE
1200 2142 1409 2200 magna
1433 2124 1565 2181 coeli
1590 2126 1818 2194 moenia,
1847 2133 1906 2182 et
1930 2132 2145 2183 tractus
2172 2127 2356 2195 maris,

862 2230 1170 2305 Terraeque
1196 2229 1357 2295 fines,
1384 2228 1573 2304 siquid
1600 2235 1701 2286 aut
1726 2228 1876 2286 ultra
1902 2237 2005 2299 est,
2033 2230 2202 2306 capit,

858 2333 1033 2392 Mens
1057 2334 1179 2410 ipsa
1203 2333 1433 2391 tandem
1460 2334 1717 2409 capitur:
1759 2334 1951 2391 omnia
1975 2334 2247 2392 hactenus

862 2440 1010 2504 Quae
1038 2458 1198 2497 nosse
1223 2439 1428 2516 potuit,
1456 2447 1591 2496 nota
1610 2437 1733 2514 jam
1758 2439 2006 2513 primum
2034 2448 2121 2496 est
2144 2441 2271 2498 sibi.

1022 2544 1265 2613 Accede,
1293 2542 1521 2613 Lector,
1549 2542 1703 2601 disce
1730 2543 1859 2619 quis
1884 2542 2113 2602 demum
2139 2545 2279 2615 sies;

862 2648 941 2706 Et
965 2650 1298 2725 inquilinam
1333 2649 1546 2725 jecoris
1573 2667 1851 2725 agnoscas
1876 2650 1977 2719 tui,

859 2753 993 2817 Qua
1016 2754 1248 2829 propius
1273 2754 1453 2811 haeret
1479 2753 1557 2809 nil
1584 2753 1707 2821 tibi,
1727 2761 1786 2810 et
1811 2753 1890 2810 nil
1917 2762 2034 2811 tam
2059 2756 2275 2829 procul.

1017 2855 1148 2914 Non
1177 2857 1271 2914 hic
1297 2857 1619 2915 scholarum
1648 2855 1866 2925 frivola,
1893 2865 1994 2915 aut
2018 2860 2159 2917 cassi
2184 2860 2317 2937 logi,

860 2959 1072 3024 Quales
1097 2980 1201 3036 per
1225 2980 1404 3018 annos
1429 2959 1577 3018 forte
1603 2960 1730 3036 plus
1754 2968 1971 3036 septem
1996 2961 2151 3039 legit,

860 3064 949 3124 Ut
973 3062 1107 3122 folle
1132 3064 1301 3140 pleno
1321 3065 1575 3140 prodeat,
1605 3066 1743 3122 rixae
1770 3064 2007 3133 artifex3

861 3169 1167 3245 Vanasque
1197 3187 1412 3227 merces
1440 3169 1588 3227 futili
1612 3169 1810 3245 lingua
1835 3176 2057 3244 crepet:

860 3274 976 3333 Sed
1004 3281 1198 3331 sancta
1224 3291 1415 3331 rerum
1439 3272 1710 3350 pondera,
1737 3280 1796 3330 et
1820 3290 2015 3329 sensus
2039 3291 2256 3350 graves,

858 3377 1072 3442 Quales
1096 3379 1283 3452 parari
1310 3377 1519 3447 decuit,
1548 3378 1670 3452 ipsa
1696 3395 1827 3434 cum
1855 3375 1965 3433 fuit

858 3481 1156 3558 Pingenda
1183 3482 1347 3549 ratio,
1375 3490 1434 3540 et
1458 3481 1671 3539 vindici
1697 3499 1801 3538 suo
1828 3479 2059 3537 adstitit.

1018 3585 1354 3643 Panduntur
1380 3604 1575 3643 omnes
1594 3585 1873 3642 machinae
1898 3585 2027 3661 gyri
2050 3592 2182 3654 tuae‚

860 3689 1204 3765 Animaeque
1231 3695 1436 3758 vectes,
1463 3688 1752 3756 trochleae,
1780 3688 1963 3756 cunei,
1991 3696 2148 3758 rotae,

859 3794 994 3858 Qua
1020 3794 1337 3851 concitetur
1361 3801 1500 3862 arte,
1529 3811 1646 3869 quo
1673 3790 1992 3850 sufflamine

859 3895 1105 3954 Sistatur
1130 3896 1228 3953 illa
1253 3915 1464 3964 rursus,
1492 3904 1550 3953 et
1575 3902 1798 3953 constet
1821 3894 1962 3951 sibi:

858 3998 988 4056 Nec
1014 4000 1060 4056 si
1087 3998 1391 4058 fenestram
1417 4000 1636 4076 pectori
1663 4000 1911 4056 humano
1936 4016 2097 4055 suam

861 4103 1132 4177 Aptasset
1155 4105 1276 4179 ipse
1305 4102 1557 4169 Momus,
1584 4102 1889 4178 inspiceret
1911 4102 2110 4177 magis.

860 4205 981 4264 Hic
1006 4225 1176 4266 cerno
1202 4207 1350 4266 levia
1375 4207 1684 4266 affectuum
1713 4206 1963 4282 vestigia,

860 4308 1229 4387 Gracilesque
1254 4329 1451 4367 sensus
1474 4311 1688 4376 lineas;
1726 4308 1891 4365 video
1919 4309 2124 4384 quibus

863 4413 1153 4473 Vehantur
1178 4416 1280 4474 alis
1305 4415 1559 4473 blanduli
1587 4414 1900 4490 cupidines,
