3182 5102
347 639 520 688 PARS
558 639 600 687 Ι.

458 706 507 752 6.

325 1888 636 1964 Definitionis

324 1961 642 2016 proprietates

678 445 770 522 74
1148 464 1680 516 COMPUTATIO
1723 465 1911 515 SIVE
1953 464 2275 517 nomm.

690 652 842 702 non
875 630 1175 720 faciant,
1206 645 1291 705 ut
1324 632 1440 705 hae
1465 655 1685 705 voces
1719 633 1915 705 linea
1942 644 2147 706 recta
2175 633 2510 706 continet
2535 654 2768 728 genus

691 755 768 815 et
803 743 1315 836 differentiam,
1353 771 1504 819 non
1541 757 1790 818 tamen
1827 757 1942 818 est
1977 745 2334 835 definitio,
2380 744 2522 817 nisi
2555 757 2770 841 pute-

688 880 853 928 mus
913 857 1185 932 lineam
1252 873 1533 933 rectam
1595 860 1702 932 ita
1760 859 2073 948 definiri,
2134 859 2329 931 linea
2390 876 2596 931 recta
2657 871 2770 931 est

687 969 883 1042 linea
932 983 1181 1055 recta;
1239 985 1569 1047 attamen
1623 975 1685 1046 si
1737 986 1933 1046 esset
1982 997 2131 1045 una
2180 972 2427 1068 aliqua
2471 997 2615 1043 vox
2674 972 2767 1043 ab

689 1083 1044 1156 ambabus
1085 1084 1227 1157 illis
1283 1086 1574 1158 diversa
1615 1110 1780 1182 quae
1814 1086 2012 1159 idem
2067 1085 2516 1182 significaret
2571 1086 2770 1179 quod

689 1194 831 1268 illae
885 1197 1143 1288 ambae,
1220 1210 1400 1271 tunc
1451 1199 1670 1295 hujus
1740 1199 1959 1272 unius
2010 1200 2237 1288 vociS,
2312 1209 2559 1271 essent
2625 1197 2769 1269 illae

690 1308 852 1382 duae
885 1335 1104 1384 voces
1155 1310 1511 1385 definitio,
1615 1314 1728 1386 Ex
1775 1314 1864 1386 iis
1918 1338 2083 1409 quae
2136 1312 2336 1385 dicta
2382 1324 2554 1384 sunt
2589 1310 2768 1382 defi-

687 1422 875 1496 nitio
911 1424 1071 1520 ipsa
1105 1426 1475 1521 quomodo
1529 1426 1949 1499 definienda
1982 1427 2079 1499 sit
2132 1424 2447 1521 intelligi
2494 1435 2765 1519 potest,

687 1561 952 1634 nempe
1020 1539 1225 1634 quod
1285 1541 1389 1612 sit
1443 1540 1911 1637 propositzb,
1990 1540 2201 1632 cujus
2264 1536 2764 1634 praedicatum

687 1659 803 1721 est
858 1649 1174 1746 subjecti
1224 1651 1729 1741 resolutivam,
1767 1651 1891 1724 ubi
1914 1650 2109 1745 fieri
2140 1658 2425 1748 potest,
2463 1648 2588 1721 ubi
2621 1675 2766 1721 non

672 1772 962 1860 potest,
996 1763 1663 1860 exemplicativum.

796 1886 907 1950 15.
963 1876 1460 1972 Proprietates
1498 1877 1950 1949 definitionis
1987 1887 2205 1948 sunt:

790 2013 845 2062 1.
904 1989 1126 2064 Quod
1205 1990 1400 2063 tollit
1483 1991 1967 2085 aequivocum,
2054 1990 2387 2084 adeoque
2474 2012 2765 2060 omnem

686 2103 887 2177 illam
929 2103 1490 2175 distinctionum
1539 2103 2092 2175 multitudinem
2142 2100 2406 2197 quibus
2451 2112 2767 2173 utuntur

686 2216 739 2288 ii
774 2215 902 2312 qui
934 2214 1475 2310 philosophiam
1525 2216 1811 2312 acquiri
1860 2239 2077 2311 posse
2125 2225 2395 2310 putant
2437 2213 2766 2310 disputa-

685 2327 1034 2400 tionibus,
1140 2328 1335 2399 Nam
1369 2339 1638 2400 natura
1687 2327 2137 2400 definitionis
2166 2337 2281 2398 est
2315 2337 2401 2398 ut
2437 2325 2763 2414 definiat,

686 2440 766 2513 id
799 2452 934 2529 est,
972 2440 1417 2512 determinet
1450 2440 1770 2513 nominis
1801 2439 2087 2512 definiti
2123 2439 2762 2534 significationem,

688 2578 995 2650 eamque
1024 2554 1410 2627 abscindat
1438 2553 1530 2625 ab
1567 2554 1770 2627 omni
1804 2554 1948 2626 alia
1976 2551 2515 2649 significatione
2544 2577 2763 2648 quam

688 2667 963 2763 quaein
1019 2666 1448 2741 definitione
1506 2667 1977 2750 continetur;
2041 2677 2117 2738 et
2171 2678 2567 2762 propterea
2622 2666 2767 2738 dis-

687 2781 1135 2853 tinctionum
1183 2793 1552 2878 quotquot
1601 2804 1759 2854 esse
1792 2791 2104 2877 possunt
2148 2779 2346 2851 circa
2380 2778 2764 2852 definitum

683 2885 837 2967 una
871 2893 1203 2967 definitio
1240 2895 1567 2967 omnium
1602 2895 1847 2966 locum
1884 2892 2195 2964 obtinet.

788 3030 881 3080 11.
938 3007 1161 3082 Quod
1182 3007 1482 3081 exhibet
1518 3006 1804 3080 definiti
1832 3000 2214 3079 notionem
2249 3004 2761 3094 universalem,

687 3119 873 3192 adeo
919 3131 1005 3192 ut
1057 3120 1350 3216 pictura
1402 3119 1741 3216 quaedam
1797 3119 1895 3191 sit
1951 3118 2411 3207 universaIiS‚
2455 3142 2606 3190 non
2668 3117 2763 3190 ad

689 3233 1007 3322 oculum,
1054 3233 1185 3305 sed
1221 3233 1313 3305 ad
1361 3234 1709 3305 animum.
1814 3232 2008 3304 Nam
2066 3244 2153 3302 ut
2209 3230 2335 3327 qui
2389 3230 2764 3303 hominem

687 3346 930 3442 pingit
997 3346 1394 3441 imaginem
1460 3345 1685 3417 efficit
1752 3343 2070 3416 hominis
2136 3342 2380 3439 hujuS,
2469 3343 2573 3416 sic
2636 3343 2763 3439 qui

687 3482 959 3532 nomen
1027 3458 1235 3530 homo
1322 3458 1580 3531 definit
1665 3457 2061 3552 imaginem
2146 3457 2370 3529 efficit
2444 3456 2763 3530 hominis

687 3573 1017 3670 alicujus.

789 3709 916 3759 111.
973 3684 1219 3775 Quod,
1258 3685 1347 3757 de
1386 3683 1941 3757 definitionibus
1978 3708 2073 3757 an
2104 3684 2254 3756 sint
2282 3682 2761 3771 admittendae

687 3824 946 3889 necne,
981 3823 1134 3871 non
1169 3799 1266 3871 sit
1299 3822 1599 3871 necesse
1636 3798 2035 3894 disputare.
2142 3797 2512 3871 Quoniam
2564 3796 2762 3868 enim

688 3913 884 3985 inter
933 3911 1321 3984 docentem
1356 3923 1433 3984 et
1481 3911 1921 4007 discipulum
1976 3910 2132 3983 sola
2192 3934 2308 3982 res
2363 3910 2634 4006 agitur,
2700 3910 2761 3982 si

690 4025 1090 4121 discipulus
1125 4024 1474 4120 intelligit
1502 4024 1788 4096 definiti
1822 4037 2070 4119 partes
2099 4047 2351 4096 omnes
2387 4022 2465 4094 in
2502 4023 2760 4095 defini-

688 4140 890 4212 tione
943 4138 1326 4228 resolutaS‚
1385 4150 1461 4211 et
1516 4151 1763 4211 tamen
1818 4137 2322 4210 definitionem
2369 4137 2763 4209 admittere

689 4252 899 4342 nolit,
937 4252 1441 4325 controversia
1466 4253 1621 4348 jam
1656 4262 1836 4323 tunc
1871 4251 2150 4340 finitur,
2186 4251 2382 4323 idem
2416 4250 2612 4323 enim
2647 4261 2762 4322 est
