3182 5102
874 493 980 544 nn
1020 493 1346 545 an‘rno
1386 489 1908 550 AEQmmnnu.
2284 474 2428 539 303

353 684 649 735 munem
680 661 997 734 habente
1033 685 1200 733 cum
1229 685 1417 733 cono
1442 659 1681 747 basin,
1707 658 1812 729 ita
1839 654 2101 728 dividit
2124 665 2423 745 rectam,
2459 664 2628 714 PARS
2664 663 2767 714 111·

2586 732 2666 779 23.

355 799 518 871 quae
551 776 636 847 fit
669 799 757 847 ex
791 799 927 848 axe
954 775 1121 848 coni
1157 787 1231 848 et
1265 775 1558 847 semisse
1593 772 1749 844 axis
1798 770 2159 867 portionis
2212 769 2426 842 simul
2480 802 2762 836 κ-γ--ν

2448 863 2621 910 vertice
2644 862 2705 909 sit
2728 861 2787 909 ad

355 888 687 985 sumptiS,
741 901 826 961 ut
876 913 1045 983 pars
1110 888 1205 961 ad
1267 888 1620 961 verticem
1667 885 1964 980 reliquae
2026 884 2123 956 sit
2179 883 2421 978 tripla,
2451 936 2601 975 mmm
2626 942 2782 984 mm,

354 1002 506 1075 sive
536 1001 632 1074 ad
663 1013 894 1074 totam
927 1002 1129 1074 illam
1163 1013 1465 1089 rectam,
1500 1013 1587 1073 ut
1622 1007 1666 1071 3
1702 998 1798 1071 ad
1832 1007 1902 1069 4.

2452 1058 2480 1104 d
2485 1073 2650 1105 111111
2675 1071 2778 1118 por-

458 1115 572 1188 Sit
606 1115 802 1187 enim
863 1114 970 1208 (in
1003 1116 1128 1211 fig.
1165 1117 1245 1209 9)
1287 1127 1531 1188 sector
1584 1112 1892 1210 sphaerae
1925 1112 1993 1183 A
2016 1111 2075 1183 B
2101 1110 2183 1200 C,
2220 1110 2425 1204 cujus
2452 1122 2595 1170 tionis
2623 1121 2781 1184 ⁸1³1·oe-

353 1241 630 1318 vertex,
675 1240 1008 1301 centrum
1054 1228 1380 1324 sphaerae,
1434 1227 1532 1300 sit
1565 1227 1655 1315 A,
1697 1225 1853 1298 axis
1890 1225 2042 1298 AD
2074 1256 2093 1308 ;
2147 1223 2315 1296 coni
2351 1234 2428 1294 et

353 1341 715 1436 portionis
767 1342 986 1431 basis,
1050 1342 1454 1414 communis
1513 1340 1828 1413 circulus
1885 1362 2103 1434 super
2161 1337 2431 1410 diame-

356 1466 552 1527 trum
588 1455 650 1526 B
673 1454 774 1539 C;
828 1455 985 1528 axis
1036 1455 1396 1552 portionis
1429 1454 1490 1526 E
1514 1454 1580 1525 D
1611 1484 1629 1536 ;
1683 1452 1998 1524 semissis
2040 1451 2196 1547 ejus
2230 1450 2288 1521 F
2313 1450 2425 1532 D;

356 1568 511 1640 axis
547 1566 715 1640 coni
748 1568 817 1640 A
838 1568 921 1640 E.
1027 1568 1139 1640 Sit
1172 1567 1483 1663 denique
1519 1565 1662 1638 AG
1704 1576 1853 1638 tres
1896 1576 2174 1661 quartae
2206 1574 2427 1636 rectae

355 1682 424 1754 A
446 1682 522 1752 F.
623 1680 810 1753 Dico
856 1680 922 1754 G
973 1704 1130 1753 esse
1178 1679 1481 1753 sectoris
1533 1679 1602 1751 A
1628 1678 1689 1750 B
1718 1679 1778 1752 C
1826 1689 2157 1751 centrum
2203 1677 2426 1773 aequi-

357 1792 575 1866 librii.

456 1906 791 1978 Ducatur
880 1917 1086 1978 recta
1179 1905 1235 1977 F
1262 1906 1334 1979 H
1432 1906 1839 2002 quantaevis
1921 1905 2425 2001 longitudinis»,

357 2018 631 2093 faciens
682 2042 849 2091 cum
882 2017 951 2090 A
977 2018 1034 2091 F
1073 2018 1422 2114 angulum
1477 2030 1764 2091 rectum
1820 2018 1899 2090 in
1930 2020 2011 2108 F,
2065 2018 2428 2113 ductaque

358 2143 562 2205 recta
595 2131 658 2202 A
689 2130 789 2217 H,
823 2131 955 2203 fiat
986 2132 1207 2205 AFH
1236 2131 1709 2228 triangulum.
1812 2130 2143 2205 Ducatur
2164 2131 2449 2204 deinde·

358 2246 614 2320 eodem
669 2256 923 2317 centro
959 2244 1025 2316 A
1058 2269 1272 2318 arcus
1326 2246 1741 2341 quicunque
1775 2244 1926 2334 IK,
1982 2268 2235 2318 secans
2269 2244 2337 2316 A
2357 2245 2424 2317 D

359 2359 436 2431 in
471 2359 553 2447 L,·
591 2369 667 2431 et
701 2358 978 2431 chorda
1028 2361 1185 2456 ejus
1241 2383 1494 2432 secans
1528 2359 1685 2431 AD
1724 2358 1803 2431 in
1864 2358 1996 2443 M;
2049 2358 2424 2454 divisaque

359 2473 442 2546 M
469 2472 530 2545 L
560 2471 896 2545 bifariam
949 2472 1026 2545 in
1070 2473 1166 2562 N,
1222 2472 1533 2546 ducatur
1586 2471 1657 2544 N
1685 2471 1751 2545 Ο
1802 2472 2148 2568 parallela
2201 2484 2425 2545 rectae

356 2589 414 2660 F
437 2589 508 2660 H
547 2599 623 2660 et
669 2610 1061 2660 coemens
1094 2600 1318 2661 rectae
1352 2588 1418 2660 A
1443 2589 1515 2660 H
1551 2588 1631 2660 in
1665 2587 1754 2661 Ο.
1859 2587 2226 2662 Quoniam
2271 2588 2424 2681 jam

356 2700 419 2772 B
448 2700 516 2772 D
538 2700 598 2773 C
651 2713 767 2773 est
817 2702 1234 2797 superficies
1296 2701 1654 2798 sphaerica
1708 2702 2070 2796 portionis
2122 2700 2426 2797 sphaerae

357 2812 692 2886 abscissae
740 2814 960 2909 plano
1011 2827 1217 2889 recto
1252 2815 1349 2888 ad
1381 2839 1593 2888 axem
1626 2815 1848 2888 ducto
1882 2840 2012 2912 per
2047 2815 2108 2887 B
2131 2815 2213 2903 C,
2250 2813 2431 2886 divi-

360 2925 613 3023 ditque
675 2929 733 3000 F
758 2930 832 3001 H
895 2953 1107 3002 axem
1158 2930 1522 3025 portionis
1581 2930 1642 3001 E
1665 2930 1731 3001 D
1797 2929 2136 3002 bifariam
2194 2927 2271 3000 in
2326 2927 2425 3008 F;

358 3039 500 3113 erit
554 3051 888 3113 centrum
941 3041 1327 3137 aequilibrii
1376 3042 1785 3138 superficiei
1819 3043 1878 3114 B
1905 3043 1972 3115 D
1995 3041 2055 3114 C
2094 3043 2255 3136 (per
2286 3050 2427 3111 art.

361 3155 441 3249 8)
499 3154 578 3228 in
630 3155 735 3238 F;
795 3166 873 3227 et
929 3165 1230 3250 propter
1298 3154 1607 3228 eandem
1665 3155 2025 3227 rationem
2092 3165 2428 3226 centrum

360 3266 748 3362 aequilibrii
803 3268 1212 3363 superficiei
1274 3269 1393 3341 IL
1418 3268 1488 3340 K
1531 3267 1672 3340 erit
1725 3268 1801 3341 in
1837 3268 1953 3352 N;
2026 3278 2103 3339 et
2168 3266 2428 3339 eodem

356 3379 578 3453 modo
613 3380 675 3453 si
734 3380 927 3453 inter
960 3380 1050 3469 A,
1082 3392 1418 3455 centrum
1474 3381 1802 3477 sphaerae,
1859 3393 1935 3454 et
1988 3381 2050 3452 B
2076 3381 2143 3453 D
2165 3380 2248 3471 C,
2302 3404 2428 3453 ex-

359 3494 617 3566 timam
703 3492 1008 3566 sectoris
1101 3494 1584 3589 superficiem,
1680 3494 2123 3567 ducerentur
2212 3516 2427 3566 arcus

359 3628 666 3679 numero
733 3605 1027 3695 infiniti,
1097 3606 1645 3701 superficierum
1726 3606 2266 3702 sphaericarum,
2348 3606 2427 3679 in

360 3720 622 3816 quibus
656 3718 763 3792 illi
820 3742 1032 3792 arcus
1085 3718 1359 3811 insunt,
1418 3729 1674 3792 centra
1725 3718 2111 3814 aequilibrii
2142 3718 2425 3791 inveni-

359 3843 615 3905 rentur
647 3833 726 3905 in
757 3832 911 3905 axis
968 3844 1177 3930 parte
1234 3833 1645 3928 intercepta
1682 3832 1875 3905 inter
1907 3833 2138 3928 ipsam
2171 3855 2421 3927 super-

357 3947 599 4020 ficiem
641 3959 715 4020 et
744 3947 1039 4042 planam
1087 3970 1221 4042 per
1270 3945 1620 4020 chordam
1674 3971 1885 4020 arcus
1938 3946 2059 4020 axi
2109 3969 2422 4042 perpen-

361 4059 782 4149 dicularem,
817 4059 913 4134 ad
944 4073 1301 4156 punctum
1333 4060 1679 4133 medium.

465 4173 786 4245 Ponatur
823 4174 978 4269 jam
1018 4173 1219 4270 quod
1250 4185 1702 4247 momentum
1752 4173 2126 4269 sphaericae
2175 4195 2426 4268 super-

357 4284 556 4359 ficiei
584 4285 873 4358 extimae
907 4285 1122 4358 BDc
1155 4284 1252 4359 sit
1283 4287 1452 4360 FH.
1560 4286 1931 4360 Quoniam
1965 4309 2138 4381 ergo
2175 4309 2426 4381 super-

361 4398 565 4472 ficies
609 4398 670 4473 B
695 4397 765 4474 D
791 4398 852 4473 C
894 4408 1008 4473 est
1038 4398 1136 4474 ad
1167 4400 1628 4497 superficiem
1667 4400 1785 4477 IL
1812 4401 1879 4477 K
1932 4401 2010 4476 in
2059 4400 2428 4497 duplicata

2452 1203 2534 1247 rae,
2559 1195 2614 1235 ut
2635 1189 2664 1234 3
2686 1186 2746 1234 ad
2767 1187 2812 1233 4.
