3182 5102
721 481 861 545 314
1225 493 1330 544 nn
1370 490 1881 544 RAT10Nlnus
1920 490 2307 542 MOTUUM.

333 669 501 717 PARS
537 669 622 719 111
718 660 1137 733 incidentiae
1160 671 1237 733 et
1269 659 1710 732 reflectionis
1736 657 1795 730 C
1821 669 1973 730 tam
2010 680 2277 745 curvae,
2310 680 2472 752 quae
2505 667 2790 728 rectam

355 737 636 840 ss
722 774 786 846 D
808 774 873 847 G
898 775 1146 870 *tangit
1178 774 1255 846 in
1291 773 1373 862 C,
1410 797 1631 869 quam
1663 772 1889 869 ipsius
1922 770 1989 842 D
2013 770 2076 843 G
2102 794 2487 843 commune
2523 769 2683 842 erit.

330 901 467 949 mem
504 902 690 951 eontin-
816 896 887 959 9.
942 887 1165 962 Quod
1198 887 1257 959 si
1285 887 1359 960 in
1394 896 1671 982 puncto
1707 885 1774 957 A
1806 909 1957 956 non
1991 907 2482 980 supponamus
2516 885 2786 957 mobile

329 966 401 1027 git
421 967 470 1043 in
491 975 651 1042 motus

325 1032 642 1093 permodeu-
720 999 1037 1095 aliquod,
1074 1000 1205 1074 sed
1238 1011 1583 1074 conatum
1617 999 1930 1094 aliquem
1963 1010 2448 1094 propagatum
2480 998 2574 1071 ab
2596 999 2664 1070 A
2691 998 2787 1071 ad

325 1102 640 1210 ffgssgfflffi
723 1113 805 1203 C,
830 1114 1355 1187 demonstratio
1398 1125 1645 1186 tamen
1679 1111 1933 1185 eadem
1964 1111 2125 1183 erit.
2231 1111 2553 1184 Conatus
2589 1114 2785 1185 enim

722 1227 957 1300 omnis
990 1239 1101 1300 est
1132 1239 1398 1316 mom,
1436 1238 1511 1299 et
1541 1226 1808 1322 premit
1856 1236 2138 1321 partem
2174 1225 2534 1298 obstantis
2569 1227 2782 1300 solidi

717 1340 794 1412 in
823 1342 905 1430 O,
940 1341 1047 1413 ita
1078 1352 1163 1414 ut
1204 1351 1506 1412 conatus
1543 1338 1897 1435 procedat
1929 1349 2097 1433 post
2129 1337 2600 1413 incidentiam
2650 1365 2784 1436 per

717 1453 832 1526 CI
863 1486 881 1537 ;
934 1454 1177 1549 itaque
1213 1465 1288 1526 et
1320 1453 1598 1526 reactio
1648 1451 1996 1549 procedet
2028 1475 2158 1546 per
2195 1450 2254 1523 C
2283 1452 2354 1524 H
2386 1484 2404 1536 ;
2459 1464 2533 1525 et
2564 1478 2783 1549 gene-

714 1567 1018 1656 rabitur,
1055 1592 1100 1639 a
1134 1578 1404 1640 conatu
1434 1590 1568 1662 per
1604 1567 1663 1639 C
1687 1567 1759 1638 H
1790 1576 2270 1638 concurrente
2306 1590 2475 1638 cum
2509 1579 2782 1640 conatu

712 1704 845 1776 per
905 1682 1077 1769 HE,
1146 1691 1450 1753 conatus
1514 1702 1647 1775 per
1705 1680 1764 1752 C
1789 1679 1874 1767 E,
1940 1689 2025 1750 ut
2090 1678 2168 1750 in
2237 1681 2780 1775 repercussione

714 1818 1103 1890 corporum
1135 1805 1528 1866 motorum.

813 1910 1068 2004 Itaque
1120 1908 1182 1980 si
1215 1917 1520 1980 conatus
1554 1930 1599 1977 a
1631 1917 1906 2002 puncto
1960 1905 2285 2000 quolibet
2334 1920 2779 2003 propagetur

711 2021 806 2094 ad
852 2045 1249 2094 concavam
1290 2018 1745 2115 superficiem
1801 2018 2125 2114 corporis
2171 2019 2524 2115 sphaerice
2563 2046 2779 2094 exca-

708 2135 882 2224 vati,
918 2134 1111 2207 linea
1141 2134 1413 2205 reflexa
1434 2132 1654 2205 faciet
1675 2155 1843 2203 cum
1869 2131 2455 2207 circumferentia
2478 2136 2778 2209 maximi

708 2250 786 2320 in
807 2248 1090 2344 sphaera
1122 2246 1374 2320 circuli
1402 2246 1752 2341 angulum
1778 2244 2048 2340 angulo
2078 2244 2775 2346 incidentiaegaequa-

707 2363 899 2446 lem;
953 2361 1015 2433 si
1066 2362 1261 2434 enim
1310 2360 1417 2453 (in
1449 2361 1575 2456 fig.
1613 2361 1691 2452 6)
1733 2370 2036 2431 conatus
2084 2372 2530 2456 propagetur
2577 2363 2670 2435 ab
2706 2364 2775 2435 A

707 2477 804 2549 ad
838 2474 1495 2549 circumferentiam
1520 2474 1597 2545 in
1621 2473 1705 2562 Β,
1736 2472 1974 2569 sitque
2002 2472 2060 2545 C
2088 2474 2391 2571 sphaerae
2414 2490 2771 2566 centrum,

707 2603 781 2664 et
815 2592 1037 2664 ducta
1070 2590 1165 2662 sit
1201 2589 1260 2661 C
1286 2588 1342 2659 Β
1379 2599 1832 2683 tangensque
1869 2586 1934 2658 D
1957 2587 2017 2658 B
2044 2587 2129 2675 Ε,
2167 2599 2241 2660 et
2273 2589 2406 2662 fiat
2456 2589 2772 2687 denique

705 2704 1013 2800 angulus
1066 2705 1122 2775 F
1143 2704 1203 2775 Β
1226 2703 1292 2775 D
1328 2701 1599 2796 angulo
1636 2700 1703 2772 A
1732 2701 1792 2772 Β
1815 2699 1877 2771 Ε
1927 2702 2249 2796 aequalis,
2285 2702 2414 2776 fiet
2447 2705 2770 2778 reflectio

702 2841 835 2914 per
871 2818 931 2890 Β
956 2818 1011 2889 F
1034 2828 1118 2890 ut
1146 2815 1366 2888 modo
1394 2826 1765 2887 ostensum
1799 2825 1909 2886 est
1933 2845 1951 2897 ;
2005 2837 2227 2909 quare
2249 2817 2497 2913 anguli
2524 2820 2768 2909 etiam,

706 2956 890 3028 quos
941 2955 1107 3003 cum
1163 2928 1748 3001 circumferentia
1796 2927 2075 3001 faciunt
2123 2942 2342 3004 rectae
2377 2931 2442 3003 A
2475 2932 2560 3020 Β,
2597 2934 2652 3005 F
2682 2933 2767 3022 Β,

706 3044 1018 3141 aequales
1053 3052 1289 3115 erunt.

804 3157 1231 3231 Notandum
1266 3166 1509 3227 autem
1544 3167 1676 3244 est,
1716 3155 1910 3251 quod
1934 3156 2292 3250 producta
2326 3157 2385 3229 C
2413 3158 2473 3229 B
2506 3172 2768 3233 utcun-

706 3296 847 3368 que
895 3271 972 3343 in
1028 3270 1114 3359 G,
1151 3279 1455 3341 conatus
1505 3269 1582 3340 in
1630 3268 1695 3339 G
1724 3268 1784 3339 B
1812 3267 1871 3339 C
1924 3292 1969 3339 a
2015 3269 2170 3341 sola
2236 3283 2347 3342 est
2398 3274 2767 3347 reactione

702 3382 1282 3481 perpendiculari
1314 3382 1390 3453 in
1441 3382 1506 3455 G
1528 3382 1632 3465 B;
1706 3392 1779 3453 et
1826 3393 2214 3477 propterea
2260 3384 2336 3455 in
2370 3398 2642 3481 puncto
2682 3389 2766 3478 Β,

704 3498 983 3569 nullum
1017 3495 1239 3568 alium
1268 3495 1566 3567 omnino
1603 3505 1944 3566 conatum
1979 3518 2132 3567 esse
2167 3496 2263 3567 ad
2293 3510 2540 3593 partes
2574 3501 2769 3575 intra

702 3611 1085 3707 sphaeram,
1118 3619 1604 3704 praeterquam
1632 3607 1755 3703 qui
1776 3619 1884 3680 est
1910 3631 2042 3703 per
2073 3610 2376 3705 sphaerae
2410 3625 2763 3689 centrum.

800 3726 896 3797 Et
942 3733 1298 3796 tractatus
1348 3721 1562 3816 hujus
1612 3720 1804 3816 parti
1856 3721 2148 3816 quidem
2196 3724 2455 3814 tertiae,
2499 3726 2574 3798 in
2622 3753 2767 3824 qua

702 3850 979 3911 motum
1002 3848 1075 3909 et
1099 3834 1680 3930 magnitudinem
1700 3858 1831 3929 per
1851 3858 1928 3907 se
1949 3847 2023 3907 et
2043 3835 2406 3910 abstracte
2435 3841 2765 3913 conside-

701 3951 1040 4038 ravimuS,
1065 3949 1458 4021 terminum
1475 3946 1596 4019 hic
1619 3958 1879 4020 statuo.
1953 3948 2299 4043 Sequitur
2315 3975 2483 4046 pars
2505 3968 2769 4049 quarta

702 4078 777 4137 et
823 4064 1081 4136 ultima
1115 4062 1204 4135 de
1245 4061 1747 4133 Phaenomenis
1799 4061 2127 4149 Naturae,
2165 4062 2240 4134 id
2274 4076 2384 4137 est
2417 4066 2508 4139 de
2559 4081 2765 4142 motu

700 4191 774 4252 et
827 4175 1324 4273 magnitudine
1372 4198 1756 4270 corporum
1813 4175 2349 4251 mundanorum
2394 4180 2545 4254 sive
2598 4206 2764 4278 quae

698 4317 777 4365 re
813 4293 970 4388 ipsa
1003 4290 1348 4363 existunt.
