3182 5102
694 420 814 485 98ἶ
1293 434 1856 490 PHILOSOPHIA
1894 434 2182 485 PmMA.

353 611 531 659 PARS
556 611 633 661 11·
806 609 917 673 11.
979 599 1380 684 Quiescere
1402 600 1686 689 dicitur
1711 601 1932 698 quod,
1948 622 2103 698 per
2124 599 2443 697 aliquod
2465 610 2776 699 tempus,

366 681 635 784 κ-Ξῖ-ν
701 714 779 786 in
827 713 1081 786 eodem
1133 724 1248 786 est
1299 714 1485 802 loco,
1536 725 1805 787 motum
1852 725 2097 788 autem
2151 739 2315 786 3333
2366 713 2487 787 vel
2512 714 2783 811 fuisse

308 829 443 906 qud
464 830 527 877 δὴ
697 826 1004 916 dicitur,
1028 826 1232 924 quod
1244 827 1400 899 sive
1426 852 1616 899 nunc
1639 828 1982 924 quiescat
2010 828 2166 899 sive
2186 838 2589 918 moveatur,
2599 828 2782 925 suit

306 911 567 1037 ξῗιέἒῗιῖῗὴ
599 940 915 1037 su-priu-s·
979 940 1056 1011 in
1123 939 1282 1011 loco
1350 939 1508 1012 alio
1566 965 1790 1038 quam
1836 966 2027 1014 nunc
2095 951 2236 1013 est.
2338 940 2453 1014 Ex
2512 941 2779 1037 quibus

305 1032 674 1144 ξξῗῗξξῗζζῗζῖ
699 1053 1276 1142 definitionibus»,
1329 1053 1646 1126 infertur
1697 1054 1937 1151 primo
2002 1054 2355 1151 quicquid
2415 1065 2776 1141 movetur,

306 1153 675 1268 ffe‘gssuoefggdpi
698 1179 986 1240 motum
1031 1190 1216 1255 esse,
1266 1190 1438 1240 nam
1488 1166 1689 1263 quod
1737 1179 2078 1240 movetur
2130 1168 2192 1240 si
2239 1167 2319 1240 in
2367 1166 2628 1240 eodem
2682 1166 2780 1238 sit

304 1285 597 1398 ,mamm
697 1281 863 1355 loco
899 1304 1046 1376 quo
1079 1280 1310 1377 priuS,
1354 1279 1691 1376 quiescit,
1737 1280 1816 1353 id
1864 1291 2003 1369 est,
2039 1304 2190 1352 non
2239 1291 2604 1369 movetur,
2643 1302 2782 1375 per

305 1365 332 1398 e
399 1366 429 1399 α
453 1365 609 1399 umm'
698 1393 1205 1468 definitionem
1239 1394 1556 1491 quietis,·
1611 1394 1673 1467 si
1707 1395 1786 1467 in
1807 1393 1952 1468 alio
1986 1394 2153 1467 loco
2183 1406 2321 1484 est,
2352 1405 2638 1467 motum
2665 1406 2779 1466 est

698 1531 832 1603 per
885 1507 1393 1580 definitionem
1439 1508 1645 1580 moti.
1752 1507 2118 1596 Secund0‚
2176 1508 2381 1605 quod
2424 1516 2776 1596 movetur,

703 1629 972 1692 motum
1006 1620 1107 1692 iri
1144 1620 1412 1708 adhue,
1465 1645 1638 1694 nam
1692 1622 1893 1718 quod
1942 1633 2283 1695 movetur
2334 1622 2605 1708 locum,
2649 1622 2777 1694 ubi

706 1744 844 1821 est,
878 1731 1254 1827 relinquit,
1304 1732 1556 1828 itaque
1615 1734 1841 1806 alium
1890 1733 2250 1830 acquiret,
2302 1758 2479 1831 ergo
2532 1757 2781 1807 move-

702 1846 906 1919 bitur
957 1845 1220 1918 adhuc.
1323 1845 1605 1934 Tertio,
1659 1847 1862 1944 quod
1909 1856 2235 1919 movetur
2295 1871 2437 1919 non
2487 1870 2651 1919 esse
2703 1846 2780 1918 in

707 1983 847 2032 uno
876 1958 1061 2049 loco,
1094 1982 1228 2054 per
1260 1957 1491 2030 ullum
1527 1970 1817 2056 tempus
1873 1959 2342 2056 quantumvis
2390 1959 2781 2056 exiguum:

702 2098 878 2148 nam
909 2096 1044 2169 per
1078 2072 1584 2145 definitionem
1612 2073 1911 2170 quietis,
1942 2072 2143 2169 quod
2178 2085 2292 2146 est
2326 2073 2403 2146 in
2428 2097 2578 2147 uno
2612 2073 2778 2146 loco

703 2212 842 2285 per
871 2186 1172 2283 aliquod
1205 2198 1523 2283 tempuS,
1561 2186 1899 2282 quiescit.

805 2301 941 2372 Est
1008 2298 1381 2396 sophisma
1447 2299 1820 2394 quoddam
1902 2311 2163 2373 contra
2228 2312 2516 2373 motum
2581 2300 2785 2396 quod

707 2411 913 2484 nasci
944 2411 1239 2485 videtur
1290 2435 1382 2484 ex
1439 2412 1659 2508 hujus
1711 2411 2237 2508 propositionis
2288 2412 2781 2508 ignoratione.

707 2525 986 2601 Dicunt
1020 2524 1210 2599 enim
1237 2524 1299 2598 si
1327 2549 1594 2622 corpus
1622 2524 1918 2622 aliquod
1948 2537 2310 2611 movetur,
2338 2537 2676 2600 movetur
2699 2525 2778 2599 in

705 2640 870 2713 loco
900 2639 1027 2712 ubi
1052 2651 1189 2727 est,
1210 2638 1328 2711 vel
1361 2639 1439 2711 in
1464 2638 1630 2712 loco
1659 2639 1787 2712 ubi
1814 2662 1966 2712 non
1995 2651 2132 2727 est,
2163 2663 2476 2734 quorum
2495 2651 2786 2712 utrum-

708 2776 850 2849 que
885 2752 1149 2826 falsum
1176 2763 1288 2824 est
1314 2783 1332 2836 3
1379 2775 1556 2848 ergo
1590 2751 1777 2824 nihil
1809 2763 2169 2825 movetur.
2276 2752 2423 2825 Sed
2448 2752 2635 2825 falsa
2667 2764 2783 2826 est

706 2868 966 2963 major,
1002 2866 1202 2962 quod
1237 2866 1432 2938 enim
1476 2876 1816 2938 movetur
1860 2889 2100 2961 neque
2147 2865 2226 2938 in
2273 2866 2438 2939 loco
2479 2866 2610 2938 ubi
2642 2877 2785 2956 est,

704 3004 946 3076 neque
974 2980 1049 3052 in
1078 2979 1268 3067 loco,
1305 2978 1433 3051 ubi
1467 3002 1622 3051 non
1659 2990 1795 3068 est,
1823 2989 2187 3066 movetur,
2218 2977 2349 3050 sed
2381 3001 2429 3051 a
2458 2977 2625 3052 loco
2652 2979 2787 3051 ubi

707 3105 822 3166 est
855 3093 952 3165 ad
982 3092 1228 3166 locum
1261 3092 1390 3164 ubi
1420 3116 1575 3165 non
1612 3103 1749 3164 est.
1820 3091 2100 3187 Negari
2132 3116 2284 3164 non
2314 3102 2568 3188 potest
2603 3091 2784 3188 quin

708 3205 1057 3302 quicquid
1116 3217 1455 3278 movetur
1515 3204 1810 3294 alicubi,
1873 3205 1952 3278 id
2012 3216 2148 3293 est,
2210 3205 2411 3278 intra
2462 3205 2784 3301 spatium

706 3319 1006 3415 aliquod
1038 3330 1464 3402 moveatur;
1518 3331 1598 3392 at
1636 3318 1844 3392 locus
1892 3316 2223 3413 corporis
2262 3342 2416 3391 non
2451 3329 2565 3390 est
2599 3318 2785 3393 illud

707 3432 1025 3528 spatium
1061 3444 1302 3505 totum
1337 3431 1468 3505 sed
1498 3455 1670 3528 pars
1706 3433 1886 3528 ejuS,
1922 3442 2009 3503 ut
2044 3430 2324 3502 dictum
2367 3454 2591 3527 supra
2639 3443 2780 3523 est,

706 3545 1019 3618 articulo
1077 3547 1145 3627 7.
1248 3546 1362 3618 Ex
1418 3568 1506 3618 eo
1568 3543 1772 3639 quod
1827 3543 2178 3638 quicquid
2230 3556 2567 3616 movetur
2626 3567 2783 3620 non

707 3657 928 3731 modo
969 3669 1253 3730 motum
1300 3681 1481 3745 esse,
1528 3656 1659 3729 sed
1692 3656 1917 3729 etiam
1951 3668 2237 3729 motum
2280 3656 2440 3729 fore
2475 3656 2781 3731 demon-

709 3771 1123 3859 stravimuS‚
1149 3771 1294 3844 hoc
1325 3794 1616 3867 quoque
1638 3769 2134 3866 colligendum
2162 3781 2297 3855 est,
2316 3782 2600 3843 motum
2625 3794 2781 3845 non

705 3883 1000 3980 concipi
1034 3883 1191 3956 sine
1219 3894 1585 3980 conceptu
1619 3894 1778 3955 tum
1808 3883 2172 3979 praeteriti
2205 3894 2365 3955 tum
2394 3882 2654 3957 futuri.

345 4006 479 4056 Quid
502 4007 600 4055 sint
817 4005 928 4069 12.
985 3996 1063 4068 Si
1106 3997 1435 4092 corporis
1484 3996 1686 4092 quod
1734 4008 2075 4070 movetur
2120 3996 2552 4093 magnitudo
2606 3995 2780 4091 (etsi

344 4080 659 4200 fsssssstsssskr-
708 4130 997 4204 semper
1060 4109 1310 4205 aliqua
1376 4109 1504 4202 sit)
1579 4108 1783 4182 nulla
1858 4108 2388 4198 consideretur,
2455 4109 2576 4182 via
2645 4134 2781 4207 per

344 4202 475 4248 ficies
495 4210 546 4248 et

344 4265 569 4312 solidum.

709 4243 931 4314 quam
963 4223 1254 4312 transit,
1291 4222 1516 4312 linea,
1558 4222 1712 4296 sive
1744 4222 2101 4296 dimensio
2144 4247 2291 4296 una
2325 4235 2402 4296 et
2433 4221 2777 4321 simplex,
