3182 5102
1082 474 1189 527 nn
1228 474 1719 528 GRAVITATE.
2278 456 2422 522 415

373 640 946 715 conservationis
980 665 1130 715 suae
1164 665 1405 733 causa,
1442 666 1663 738 quam
1704 666 1998 717 causam
2029 664 2182 714 non
2216 639 2431 713 intel-
2505 640 2678 753 ΡΛξξ
2713 638 2805 688 W·

372 754 637 850 ligunt,
691 754 954 844 locum,
1008 755 1133 827 ubi
1187 767 1382 845 sunt,
1435 755 1770 829 deserere
1821 766 1898 828 et
1946 756 2025 827 in
2076 754 2300 825 alium
2353 776 2432 825 se
2515 738 2796 811 *ὴὲ-θ

373 867 791 956 transferre,
826 891 994 940 cum
1037 867 1283 956 homo,
1337 868 1465 964 qui
1504 879 1580 941 et
1630 867 2036 964 appetitum
2086 866 2310 939 habet
2359 877 2436 939 et

377 980 850 1069 intellectum,
911 1004 1006 1053 ne
1067 982 1585 1055 conservandae
1640 981 1934 1078 quidem
1988 980 2159 1053 vitae
2217 1003 2436 1052 causa

377 1094 575 1167 ultra
604 1107 754 1168 tres
786 1105 1186 1191 quatuorve
1220 1094 1442 1191 pedes
1470 1119 1546 1168 se
1573 1094 1913 1168 attollere
1941 1092 2133 1164 saltu
2164 1102 2430 1188 potest,

380 1208 898 1303 perridiculum
957 1221 1090 1281 est.
1192 1208 1527 1305 Denique
1578 1207 1870 1303 corpori
1920 1215 2169 1278 creato
2228 1204 2436 1276 attri-

381 1320 603 1393 buere
636 1321 1042 1417 potentiam
1081 1322 1397 1418 seipsum
1444 1320 1806 1410 movendi,
1857 1317 2036 1417 quid
2066 1317 2267 1390 aliud
2300 1326 2435 1405 est,

383 1458 601 1530 quam
651 1446 1019 1510 creaturas
1073 1459 1228 1509 esse
1286 1435 1529 1509 dicere
1584 1458 1747 1531 quae
1805 1457 1853 1506 a
1887 1432 2240 1504 Creatore
2288 1454 2439 1503 non

385 1545 889 1642 dependeant?
991 1548 1546 1639 Posterioribus,
1607 1546 1733 1644 qui
1794 1546 2223 1620 descensum
2274 1568 2443 1640 gra-

382 1660 581 1732 vium
613 1659 892 1732 telluris
924 1661 1337 1734 attribuunt
1376 1660 1823 1748 attractioni,
1875 1658 2238 1733 assentior
2282 1656 2443 1754 qui-

387 1773 596 1857 dem;
649 1772 780 1846 sed
813 1797 957 1869 quo
991 1774 1071 1848 id
1100 1773 1321 1848 modo
1365 1776 1520 1865 fiat,
1570 1799 1617 1847 a
1660 1774 1950 1847 nemine
1999 1772 2443 1868 explicatum

387 1898 520 1961 est.
621 1887 732 1960 De
765 1887 984 1961 modo
1007 1888 1235 1986 igitur
1259 1900 1336 1961 et
1354 1889 1469 1961 via
1504 1888 1815 1961 actionis
1848 1899 2067 1960 terrae
2100 1886 2179 1959 in
2212 1896 2443 1958 attra-

387 2000 646 2075 hendis
677 2001 1042 2096 gravibuS,
1077 2001 1354 2099 aliquid
1383 2001 1715 2075 hocloco
1751 1999 2140 2074 dicendum
2174 2010 2309 2072 est.

492 2124 560 2188 3.
610 2115 722 2187 Ex
755 2115 1132 2210 supposito
1167 2126 1375 2188 motu
1420 2114 1594 2187 solis
1635 2114 1960 2209 simplice
2013 2111 2445 2208 congregari
2471 2126 2756 2203 Diffqrentia

390 2228 862 2324 homogenea,
915 2228 1251 2326 dissipari
1299 2228 1814 2324 heterogenea‚
1871 2226 2447 2299 demonstratum
2473 2200 2833 2334 ξξῖιᾘῗζᾛῗςθ-

394 2353 525 2430 est,
579 2365 736 2437 cap.
789 2364 967 2414 xxl.
1021 2352 1158 2415 art.
1206 2352 1274 2415 5.
1378 2342 1901 2438 Supposuimus
1952 2341 2172 2414 etiam
2221 2340 2448 2413 inter-
2471 2331 2626 2371 ‘⁰⁰⁰⁸
2657 2337 2807 2384 ¹³¹¹*

2473 2395 2626 2445 tuum,
2646 2387 2820 2449 quibus

396 2478 646 2550 spersa
709 2477 867 2528 esse
925 2455 1183 2527 aetheri
1242 2455 1673 2553 corpuscula
1726 2455 2083 2550 quaedam,
2139 2454 2312 2537 sive,
2361 2465 2447 2526 ut
2471 2450 2830 2578 ffiffissmss·

396 2579 666 2642 vocant
708 2569 855 2656 alii,
907 2579 1215 2659 atomOS,
1272 2592 1426 2664 prae
1478 2569 1707 2641 nimia
1757 2568 2157 2664 exiguitate
2204 2568 2455 2640 invisi·
2477 2591 2601 2646 sunt
2617 2583 2670 2631 in
2684 2589 2876 2630 terram.

397 2680 604 2769 biles»,
673 2681 1106 2777 easdemque
1184 2681 1684 2771 consistentia,
1761 2682 2020 2780 figura,
2083 2691 2311 2769 motu,
2381 2691 2457 2753 et

399 2793 903 2890 magnitudine
938 2794 1357 2868 differentes
1387 2826 1406 2879 ;
1459 2818 1549 2867 ex
1583 2819 1730 2891 quo
1775 2795 1863 2867 fit
1892 2806 1978 2867 ut
2010 2819 2260 2868 earum
2294 2794 2456 2867 aliae

400 2905 498 2979 ad
542 2917 836 2996 term,
891 2907 1054 2980 aliae
1103 2907 1199 2981 ad
1244 2908 1577 3004 planetas
1627 2908 1810 2981 alios
1869 2919 2413 3005 congregentur
2429 2938 2455 2992 ς

400 3019 562 3093 aliae
594 3042 768 3092 vero
803 3021 879 3092 in
920 3020 1173 3116 spatiis
1219 3020 1476 3093 mediis
1523 3020 2152 3094 circumferantur.
2256 3020 2460 3095 Quo-

400 3133 598 3205 niam
651 3145 896 3206 autem
947 3133 1194 3222 atomi,
1247 3157 1412 3230 quae
1461 3132 1555 3207 ad
1616 3133 1953 3207 tellurem
2008 3134 2458 3223 deferuntur,

401 3246 659 3342 figura,
713 3257 943 3335 motu,
999 3257 1076 3319 et
1131 3245 1640 3342 magnitudine
1692 3246 1888 3319 inter
1949 3269 2029 3320 se
2090 3246 2457 3339 differunt,

405 3356 735 3432 incident
765 3359 843 3432 in
880 3370 1149 3433 terram
1192 3383 1361 3432 cum
1401 3361 1684 3456 impetu
1735 3361 1896 3435 aliae
1945 3364 2246 3457 majore,
2298 3361 2462 3434 aliae

406 3470 727 3544 minore:
780 3495 1089 3568 cumque
1122 3473 1504 3569 gravitatis
1539 3473 1812 3570 gradus
1845 3497 1996 3548 non
2022 3474 2236 3548 aliter
2268 3475 2463 3548 aesti-

407 3607 708 3674 memuS,
771 3609 990 3680 quam
1053 3609 1184 3680 per
1250 3609 1501 3660 earum
1563 3586 1644 3659 in
1701 3598 1974 3660 terram
2045 3587 2465 3662 cadentium

411 3699 761 3793 majorem
817 3699 1261 3772 minoremve
1320 3699 1701 3795 impetum,
1764 3700 1996 3796 magis
2052 3701 2306 3796 gravia
2356 3701 2467 3774 di-

410 3809 643 3883 cenda
674 3834 762 3884 ea
793 3822 985 3900 sunt,
1014 3836 1322 3908 quorum
1354 3813 1670 3909 impetus
1698 3824 1812 3885 est
1838 3815 1980 3909 maj
1989 3837 2094 3902 or,
2125 3826 2203 3886 et
2227 3813 2467 3886 minus

409 3923 683 4019 gravia,
721 3947 1031 4020 quorum
1065 3925 1376 4022 impetus
1416 3936 1529 3999 est
1574 3926 1838 4000 minor.
1942 3926 2466 4022 Inquirendum

410 4059 587 4133 ergo
644 4049 781 4127 est,
834 4062 979 4134 quo
1028 4038 1248 4112 modo
1299 4038 1460 4112 fieri
1517 4051 1786 4136 potest,
1845 4051 1932 4113 ut
1984 4063 2374 4135 corporum
2424 4065 2465 4113 e

410 4149 702 4222 sublimi
732 4150 811 4223 in
845 4161 1117 4225 terram
1150 4151 1773 4243 descendentium,
1821 4153 1966 4226 alia
2002 4155 2277 4249 majore
2325 4154 2469 4227 alia

410 4262 692 4336 minore
734 4263 1063 4338 ferantur
1104 4265 1425 4362 impetu;
1478 4265 1556 4340 id
1594 4277 1730 4354 est,
1780 4278 1866 4338 ut
1916 4265 2060 4339 alia
2107 4266 2268 4339 aliis
2318 4268 2468 4341 sint

411 4376 770 4472 graviora.
871 4377 1283 4453 Videndum
1316 4390 1431 4452 est
1462 4380 1709 4470 etiam,
1746 4402 1891 4474 quo
1937 4378 2155 4452 modo
2203 4402 2468 4478 corpus
