3182 5102
877 480 984 531 nu
1027 478 1563 531 DIMENSIONE
1607 478 1970 530 claeon.
2307 462 2449 529 245

374 644 863 718 necessarium
899 646 994 718 sit
1021 659 1106 718 ut
1155 668 1500 718 numerus
1549 644 1873 740 partium
1928 645 2046 733 5,7
2053 646 2094 726 7
2103 649 2324 732 3‚503
2360 642 2456 714 sit

375 759 616 832 minor
642 760 866 855 justo.
970 759 1194 833 Quod
1227 759 1288 831 si
1323 783 1413 831 ex
1465 758 1841 854 quadratis
1875 758 1966 830 ab
2002 757 2073 829 X
2099 757 2164 828 A
2200 767 2274 828 et
2312 757 2368 827 A
2400 756 2460 827 B

376 872 820 968 geometrice
907 871 1220 969 cognitis
1294 884 1722 968 quaerantur
1789 870 2146 966 quadrata
2226 868 2453 943 totius

378 986 452 1057 X
476 985 538 1058 Β
578 997 655 1057 et
692 985 752 1056 B
776 985 853 1073 F,
902 1008 1065 1080 quae
1093 984 1240 1058 duo
1277 984 1641 1081 quadrata
1688 985 1965 1056 habent
2015 984 2371 1056 rationem
2409 991 2454 1055 3

380 1099 476 1170 ad
520 1108 581 1187 1,
612 1098 831 1171 unica
857 1099 1312 1172 extractione
1340 1098 1612 1171 radicis
1640 1098 2085 1170 innotuisset
2112 1120 2459 1170 numerus

383 1210 673 1283 debitus
725 1222 948 1283 rectae
1000 1211 1137 1283 CF
1171 1211 1324 1285 sive
1359 1210 1421 1283 Β
1450 1211 1536 1298 Ε,
1573 1211 1854 1307 absque
1905 1210 2160 1306 regula
2210 1210 2458 1296 trium,

384 1336 458 1397 et
484 1322 794 1421 proinde
846 1324 1119 1419 absque
1171 1323 1526 1397 divisione
1585 1324 1871 1396 numeri
1922 1323 2280 1396 linearum
2329 1345 2461 1419 per

382 1461 768 1511 numerum
821 1438 915 1510 ab
970 1437 1229 1511 iisdem
1295 1437 1507 1510 lineis
1560 1438 2112 1535 quadratorum.
2215 1436 2460 1532 Atque

383 1552 555 1625 hinc
605 1562 739 1639 est,
795 1550 994 1647 quod
1026 1575 1371 1623 numerus
1418 1563 1642 1624 rectae
1699 1551 1759 1622 B
1785 1551 1845 1622 E
1880 1551 2022 1623 hoc
2082 1549 2300 1622 modo
2349 1550 2461 1621 in·

384 1676 666 1753 ventuS,
701 1687 965 1760 nempe
1004 1668 1396 1755 5‚811‚704
1452 1667 1688 1760 major
1721 1664 1817 1736 sit
1854 1688 2071 1759 quam
2108 1687 2325 1759 quem
2360 1662 2464 1734 illi

385 1778 824 1850 invenerunt
847 1782 964 1866 5,7
971 1782 1013 1860 7
1021 1785 1266 1866 3,503‚
1290 1789 1366 1849 et
1384 1778 1687 1874 propior
1709 1778 2022 1865 veritati,
2048 1800 2465 1872 quanquam

387 1904 462 1964 et
495 1892 648 1986 ipse
683 1890 780 1962 sit
812 1889 1032 1986 paulo
1069 1889 1311 1962 adhuc
1339 1892 1540 1986 justo
1576 1891 1840 1962 minor.
1949 1891 2205 1985 Itaque
2242 1889 2465 1961 etiam

392 2004 848 2077 Archimedis
872 2003 1229 2075 dimensio
1252 2002 1532 2091 circuli,
1562 2027 1727 2098 quae
1757 2002 2119 2099 dependet
2152 2028 2197 2074 a
2224 2002 2465 2098 priore

387 2118 512 2190 illo
547 2117 852 2204 calculo,
867 2118 1067 2213 justo
1103 2117 1342 2188 minor
1368 2128 1523 2198 est;
1576 2139 1815 2211 neque
1850 2117 2092 2187 valere
2128 2115 2345 2188 debet
2372 2115 2468 2187 ad

391 2230 919 2304 confutandum
942 2228 1301 2301 calculum
1326 2229 1877 2324 geometricum,
1915 2253 2060 2319 quo
2079 2229 2469 2324 perimeter

390 2344 643 2417 circuli
674 2344 909 2438 major
928 2342 1115 2415 forte
1141 2343 1553 2415 invenietur
1577 2366 1796 2438 quam
1819 2343 1911 2413 ab
1944 2341 2066 2415 illo
2103 2342 2464 2414 statuitur.

492 2458 993 2529 PROPosl'rlo
1037 2455 1470 2527 lI.—Recta
1508 2455 1565 2525 Β
1596 2455 1675 2542 F,
1719 2455 2123 2550 composita
2183 2479 2228 2526 a
2262 2454 2467 2526 radio

393 2570 647 2643 circuli
681 2583 754 2641 et
809 2581 1157 2665 tangente
1205 2594 1416 2641 arcus
1455 2580 1549 2642 30
1583 2569 1970 2664 graduum,
2029 2580 2138 2641 est
2172 2570 2470 2664 aequalis

393 2696 673 2780 quartae
748 2683 939 2778 parti
1005 2683 1378 2779 perimetri
1433 2683 1758 2778 ejusdem
1814 2683 2088 2755 circuli.
2222 2684 2298 2756 Si
2354 2709 2396 2755 e
2420 2684 2469 2757 S

393 2795 842 2891 producatur
910 2795 1143 2869 donec
1212 2809 1549 2869 occurrat
1618 2808 1836 2868 rectae
1899 2797 1967 2868 X
1993 2798 2049 2869 F
2102 2797 2177 2868 in
2208 2797 2295 2894 f,
2334 2798 2472 2870 erit

395 2935 436 2980 e
429 2909 510 3005 f
548 2909 766 3005 tripla
809 2935 851 2981 e
880 2909 953 2981 S.
1060 2910 1297 2982 Ducta
1352 2934 1526 3005 ergo
1586 2910 1655 2981 X
1688 2911 1737 2983 S
1798 2910 2160 2982 abscindit
2214 2911 2307 2983 ab
2365 2937 2406 2982 e
2411 2912 2491 3008 f

394 3022 686 3095 tertiam
741 3024 896 3117 ejus
950 3033 1257 3117 partem,
1315 3047 1576 3118 nempe
1637 3049 1679 3094 e
1702 3024 1751 3096 S
1781 3055 1798 3106 ;
1854 3022 2251 3119 eademque
2312 3049 2479 3119 pro-

397 3135 619 3208 ducta
671 3135 767 3207 ad
824 3134 884 3206 B
908 3135 967 3208 C
1000 3136 1078 3208 in
1114 3136 1143 3207 i
1176 3136 1539 3209 abscindit
1606 3135 1743 3224 Bi,
1789 3149 2088 3232 propter
2148 3163 2189 3208 e
2186 3137 2274 3233 f,
2339 3138 2478 3209 BF

395 3249 798 3345 parallela8‚
866 3249 1156 3322 tertiam
1224 3262 1507 3346 partem
1577 3262 1796 3322 rectae
1868 3251 1928 3322 B
1951 3252 2028 3323 F.
2178 3252 2479 3324 Secetur

397 3375 599 3436 recta
630 3389 672 3435 e
701 3364 750 3436 S
784 3362 1122 3435 bifariam
1158 3364 1233 3436 in
1269 3393 1339 3451 α,
1376 3377 1450 3437 et
1484 3388 1698 3436 arcus
1738 3364 1861 3437 RS
1895 3364 2232 3437 bifariam
2266 3366 2344 3437 in
2367 3391 2476 3463 p3

397 3476 851 3572 ducaturque
885 3477 1085 3549 sinus
1119 3501 1330 3549 arcus
1370 3478 1428 3549 B
1441 3503 1530 3575 p,
1566 3479 1691 3573 qui
1726 3479 1926 3551 sinus
1960 3479 2053 3551 sit
2088 3503 2136 3575 q
2145 3504 2255 3576 1²³
2312 3479 2481 3553 erit-

399 3614 542 3685 que
592 3614 643 3687 q
653 3615 717 3687 p
763 3591 1077 3663 semissis
1113 3592 1409 3665 ohordae
1461 3616 1673 3665 arcus
1729 3592 1953 3688 dupli,
1992 3592 2068 3664 id
2101 3604 2232 3679 est,
2269 3615 2480 3664 arcus

404 3702 464 3773 B
489 3703 563 3775 S.
672 3704 1124 3777 Producatur
1158 3730 1206 3802 q
1215 3731 1283 3803 p
1319 3706 1393 3778 in
1430 3732 1504 3802 y,
1542 3706 1647 3779 ita
1679 3719 1762 3779 ut
1797 3730 1845 3802 q
1869 3733 1918 3802 y
1954 3707 2046 3778 sit
2085 3705 2306 3801 dupla
2340 3731 2479 3803 qp,

401 3828 739 3913 secetque
792 3818 841 3891 S
869 3819 935 3891 Ο
991 3819 1064 3891 in
1121 3845 1186 3891 r.
1293 3821 1622 3893 Ducatur
1657 3843 1945 3914 quoque
1990 3849 2038 3888 α
2062 3855 2095 3899 η
2139 3818 2484 3915 parallela

404 3943 478 4003 et
512 3930 812 4026 aequalis
847 3957 888 4003 e
910 3956 982 4028 q.
1090 3933 1166 4006 Si
1203 3935 1358 4029 jam
1391 3932 1754 4028 producta
1794 3932 1866 4003 X
1891 3960 1937 3999 α
1974 3931 2248 4004 incidat
2280 3932 2357 4004 in
2391 3958 2480 4030 p,

404 4044 545 4117 erit
576 4071 686 4141 qy
720 4045 1019 4142 aequalis
1064 4046 1359 4120 chordae
1405 4070 1618 4119 arcus
1655 4046 1715 4118 B
1740 4047 1834 4128 S;
1888 4044 2287 4141 eademque
2318 4069 2485 4141 pro·

404 4157 648 4248 ducta,
686 4159 920 4232 donec
956 4158 1231 4233 incidat
1265 4162 1340 4233 in
1373 4161 1447 4232 X
1470 4162 1527 4233 F
1561 4160 1657 4232 ad
1692 4186 1755 4247 z,
1791 4160 1929 4233 erit
1964 4186 2062 4256 qz
2098 4159 2316 4254 tripla
2349 4182 2388 4254 q
2408 4185 2481 4254 y,

403 4283 478 4344 et
536 4273 870 4368 sextupla
927 4297 976 4369 q
987 4298 1074 4370 p.
1181 4273 1327 4347 Sed
1382 4274 1450 4345 X
1474 4304 1522 4343 α
1567 4272 1927 4369 producta
1980 4272 2235 4345 incidit
2276 4272 2350 4344 in
2394 4297 2491 4369 p.

409 4384 632 4459 Quod
652 4385 755 4458 sic
782 4385 1113 4459 ostendo.
1217 4386 1377 4458 Nisi
1405 4386 1681 4459 incidat
1716 4387 1789 4458 in
1814 4411 1903 4483 p,
1933 4385 2205 4459 incidet
2232 4387 2486 4460 saltem

2508 651 2686 764 ΡΑΙέῗ)
2717 651 2819 701 ΙΙΙ.

2534 790 2780 820 *qr—d

2481 855 2743 919 &repositio
2772 858 2812 904 1.

2511 2470 2778 2535 Propositio
2803 2472 2848 2519 2.
