3182 5102
796 453 940 520 282
1323 469 1429 519 DE
1470 469 1982 522 RATIONIBUS
2022 472 2412 525 MOTUUM.

442 644 621 760 PAR282
639 646 739 696 111-
792 647 878 707 ut
930 635 1401 709 manifestum
1457 637 1915 734 experientia
1970 640 2079 727 fit,
2133 637 2426 735 quando
2482 637 2860 734 prosiliens

470 747 717 816 »ψ’-α
791 772 1022 845 equus
1057 773 1412 823 sessorem
1447 751 1850 847 resupinat,

404 873 733 953 Percussiopio
900 871 1012 935 15.
1069 863 1326 959 Itaque
1386 864 1465 935 in
1522 865 2021 960 percussione,
2081 864 2210 937 ubi
2275 888 2544 961 corpus
2603 863 2859 936 durum

402 942 763 1083 {E-Essssfffssssm.
789 1000 1061 1071 magna
1092 977 1167 1049 vi
1214 975 1630 1072 percutitur
1677 978 1769 1050 ab
1805 977 1949 1051 alio
2000 978 2186 1051 duro
2231 976 2310 1051 in
2355 988 2568 1074 parte
2624 977 2865 1072 aliqua

401 1080 718 1185 fssnssssnssif
791 1089 1080 1186 exigua,
1141 1114 1294 1162 non
1350 1104 1464 1164 est
1517 1114 1820 1165 necesse
1873 1103 1961 1164 ut
2021 1091 2117 1163 ob
2178 1114 2343 1163 eam
2409 1114 2566 1162 rem
2626 1100 2862 1163 totum

401 1199 575 1249 demur
591 1218 747 1265 9⁰⁸⁸*
789 1226 1056 1299 corpus
1126 1203 1385 1277 eadem
1453 1204 1670 1278 cedat
1741 1202 2148 1292 celeritate,
2216 1227 2363 1299 qua
2430 1202 2630 1276 cedit
2694 1226 2863 1298 pars

786 1339 1154 1413 percussa.
1311 1317 1504 1390 Nam
1573 1329 1862 1390 caeterae
1945 1327 2192 1412 partes
2261 1329 2567 1405 motum,
2648 1340 2866 1412 quem

785 1429 1085 1518 habent,
1122 1454 1169 1503 a
1200 1442 1410 1503 motu
1441 1431 1674 1528 partis
1703 1453 2069 1525 percussae
2098 1442 2173 1502 et
2204 1429 2530 1501 cedentis
2566 1428 2863 1516 habent,

788 1543 913 1637 qui
945 1555 1191 1616 motus
1218 1542 1313 1615 ad
1346 1543 1582 1617 latera
1606 1544 2094 1640 undequaque
2119 1543 2362 1615 minus
2387 1554 2862 1639 propagatur,

787 1680 1006 1751 quam
1060 1668 1524 1740 antrorsum;
1587 1655 1785 1730 unde
1836 1656 1998 1730 fieri
2047 1655 2380 1728 videmus
2442 1656 2864 1751 aliquando,

783 1782 870 1842 ut
905 1793 1219 1866 corpora
1253 1770 1645 1843 durissima
1690 1783 1766 1843 et
1802 1780 2073 1859 erecta,
2108 1769 2230 1842 vix
2279 1780 2528 1842 tamen
2564 1769 2866 1857 stantia,

785 1882 1111 1955 violento
1163 1883 1320 1955 ictu
1379 1882 1668 1955 facilius
1723 1883 2278 1980 perfringantur
2334 1906 2555 1978 quam
2610 1881 2869 1977 dejici-

785 2007 1006 2068 antur
1045 2026 1063 2079 ;
1151 2014 1319 2068 cum
1403 2008 1655 2070 tamen
1759 1995 1819 2069 si
1911 2006 2162 2093 partes
2252 2018 2507 2067 eorum
2603 1995 2869 2090 quovis

784 2109 1152 2183 levissimo
1204 2122 1415 2183 motu
1467 2133 1723 2183 omnes
1777 2109 1994 2182 simul
2043 2107 2687 2206 protruderentur,
2741 2110 2867 2182 de-

776 2223 1207 2320 jicerentur.

894 2344 1003 2408 16.
1060 2336 1496 2409 Differentia
1520 2337 1718 2409 inter
1745 2336 2146 2408 trusionem
2177 2347 2255 2408 et
2270 2334 2865 2433 percussionem,

785 2450 923 2522 etsi
957 2450 1037 2522 in
1071 2450 1273 2522 nulla
1305 2450 1450 2523 alia
1481 2474 1561 2522 re
1593 2450 1974 2538 consistat,
2009 2449 2151 2522 nisi
2189 2447 2388 2544 quod
2419 2449 2498 2521 in
2529 2448 2868 2522 trusione

784 2562 1079 2659 quidem
1150 2576 1393 2636 motus
1460 2563 1826 2636 moventis
1887 2573 1964 2635 et
2021 2562 2203 2634 moti
2274 2559 2490 2635 simul
2556 2562 2635 2634 in
2697 2562 2864 2658 ipso

783 2689 1134 2751 contactu
1166 2677 1549 2774 incipiant,
1585 2678 1663 2749 in
1696 2677 2192 2775 percussione
2224 2699 2399 2749 vero
2435 2675 2865 2772 percutiens

781 2803 954 2864 ante
1006 2804 1389 2864 moveatur
1443 2815 1664 2887 quam
1705 2815 2173 2889 percussum,
2236 2792 2542 2862 effectus
2608 2801 2863 2862 tamen

781 2928 1036 2978 eorum
1088 2903 1271 2976 adeo
1330 2903 1602 2977 diversi
1662 2904 1860 2976 inter
1914 2926 1992 2975 se
2042 2915 2237 2991 sunt,
2300 2915 2388 2975 ut
2445 2904 2864 2999 comparari

782 3017 977 3089 inter
1012 3040 1091 3089 se
1138 3040 1389 3089 earum
1423 3017 1615 3090 vires
1662 3041 1814 3089 non
1847 3016 2239 3089 videantur
2286 3039 2527 3112 posse.
2634 3015 2860 3105 Dato,

780 3127 1103 3224 inquam,
1130 3129 1625 3225 percussionis
1660 3131 1926 3201 effectu
1961 3129 2231 3223 aliqu0,
2263 3128 2577 3223 exempli
2607 3153 2860 3218 causa,

779 3241 935 3314 ictu
985 3244 1269 3315 fistucae
1326 3242 1480 3315 dati
1536 3240 1912 3338 ponderis,
1974 3265 2118 3336 quo
2173 3241 2383 3336 palus
2444 3240 2522 3313 in
2578 3255 2860 3315 terram

781 3354 972 3427 datae
1027 3355 1474 3443 tenacitatiS,
1524 3353 1701 3427 data
1744 3378 2090 3427 mensura
2141 3353 2498 3450 infigitur,
2547 3352 2859 3429 definire

779 3480 1055 3563 quanto
1124 3468 1473 3563 pondere,
1555 3467 1713 3539 sine
1774 3467 1952 3556 ictu,
2030 3478 2107 3539 et
2175 3479 2452 3562 quanto
2520 3479 2860 3564 tempore

777 3581 973 3652 idem
1000 3581 1210 3676 palus
1246 3581 1321 3654 in
1359 3581 1668 3653 eandem
1697 3593 1971 3653 terram
2002 3579 2438 3655 tantundem
2473 3580 2853 3677 infigatur,

777 3694 957 3766 mihi
980 3693 1276 3789 quidem
1298 3694 1537 3767 sinon
1565 3694 2040 3789 impossibile,
2065 3706 2314 3765 tamen
2344 3692 2855 3768 difficillimum

777 3831 936 3880 esse
970 3807 1284 3879 videtur.
1391 3808 1863 3880 Difficultatis
1916 3819 2160 3880 autem
2204 3832 2425 3880 causa
2476 3820 2613 3897 est,
2650 3810 2857 3904 quod

775 3920 1126 3993 velocitas
1185 3920 1671 4017 percutientis
1725 3946 1892 3994 cum
1942 3920 2425 4015 ponderantis
2478 3922 2855 4017 magnitu-

775 4033 947 4105 dine
984 4033 1479 4129 comparanda
1514 4057 1673 4106 esse
1702 4034 2062 4106 videatur.
2165 4034 2538 4107 Velocitas
2573 4046 2849 4125 autem,

775 4170 939 4242 quae
1024 4169 1113 4217 ex
1199 4145 1663 4242 longitudine
1732 4146 2138 4241 spatiorum
2199 4147 2629 4236 aestimatur,
2708 4170 2849 4242 pro

772 4258 992 4332 unica
1060 4258 1513 4333 dimensione
1574 4258 1916 4332 habenda
1983 4272 2149 4342 est;
2222 4260 2511 4356 pondus
2570 4272 2848 4346 autem,
