3182 5102
355 658 524 707 PARS
552 658 652 707 111.

466 724 539 772 16.

374 794 619 828 »Ὗ-κ

306 864 356 912 Si
379 865 551 914 mobile
573 867 696 913 sera-

304 937 383 977 tur
402 946 429 977 a
451 930 634 979 duobus

306 995 469 1055 simul,
491 1005 579 1043 etc.

720 473 863 537 200
1199 486 1304 536 DE
1347 487 1849 536 RA'rloNissUs
1889 485 2276 537 MOTUUM.

719 653 958 724 minus
977 665 1452 749 promovetur
1471 653 1739 727 mobile
1761 653 1852 726 ab
1883 653 1950 725 A
1973 652 2033 724 B
2061 676 2313 725 versus
2351 652 2410 724 C
2432 652 2522 739 D,
2561 674 2780 746 quam

721 766 781 839 si
847 778 1158 861 uterque
1226 779 1471 839 motus
1538 779 1732 839 esset
1799 766 2201 838 uniformis.
2335 764 2557 839 Quod
2621 775 2784 836 erat

719 878 1391 952 demonstrandum.

831 1001 940 1063 13.
1011 993 1204 1065 Data
1267 993 1728 1089 longitudine
1794 1015 2141 1088 percursa
2208 990 2382 1064 dato
2451 1002 2784 1085 tempore

721 1116 928 1177 motu
962 1105 1331 1195 uniformi,
1367 1106 1903 1204 longitudinem
1931 1105 2258 1177 invenire
2289 1128 2451 1199 quae
2484 1126 2784 1198 percur-

722 1230 929 1289 retur
955 1218 1211 1291 eodem
1242 1230 1573 1315 tempore
1613 1232 1821 1291 motu
1845 1217 2312 1290 uniformiter
2347 1216 2783 1302 acceleratO,

724 1329 802 1401 id
834 1345 968 1419 est,
997 1331 1104 1404 ita
1135 1344 1220 1404 ut
1265 1331 1764 1428 longitudines
1810 1355 2177 1428 percursae
2219 1331 2368 1403 sint
2397 1329 2671 1425 ubique
2705 1327 2783 1399 in

723 1443 1010 1515 ratione
1066 1456 1476 1540 temporum
1546 1445 1940 1541 duplicata,
2008 1457 2082 1516 et
2151 1444 2466 1539 impetus
2526 1442 2787 1514 ultimo

724 1556 1127 1652 acquisitus
1160 1557 1458 1653 aequalis
1492 1558 1588 1630 sit
1623 1556 1958 1652 tempori.

828 1671 942 1744 Sit
983 1671 1092 1761 (in
1147 1671 1387 1766 figura
1421 1672 1499 1762 8)
1551 1670 1936 1766 longitudo
1983 1670 2050 1741 A
2074 1669 2138 1740 B
2187 1692 2535 1764 percursa
2581 1679 2787 1739 motu

722 1783 1095 1869 uniformi,
1174 1795 1504 1879 tempore
1571 1784 1639 1854 A
1675 1783 1734 1855 C
1765 1814 1783 1866 ;
1872 1793 2167 1879 oportet
2249 1780 2784 1876 longitudinem

725 1897 942 1969 aliam
976 1895 1326 1984 invenire,
1365 1921 1528 1992 quae
1568 1908 2043 1993 percurratur
2082 1908 2290 1968 motu
2323 1894 2790 1966 uniformiter

725 2010 1158 2098 accelerato,
1197 2009 1454 2082 eodem
1489 2022 1843 2105 tempore,
1878 2010 1985 2082 ita
2030 2019 2117 2080 ut
2163 2008 2481 2104 impetus
2526 2006 2784 2079 ultimo

726 2122 1127 2218 acquisitus
1162 2122 1459 2217 aequalis
1496 2124 1591 2196 sit
1624 2136 1848 2195 rectae
1883 2123 1948 2194 A
1970 2122 2050 2194 C.

827 2234 1299 2330 Compleatur
1323 2236 2080 2333 parallelogrammum
2115 2235 2182 2307 A
2202 2235 2266 2306 B
2286 2235 2351 2306 D
2375 2234 2458 2324 C,
2494 2245 2571 2305 et
2606 2232 2787 2304 divi-

730 2346 947 2419 datur
977 2348 1037 2420 B
1060 2347 1127 2418 D
1154 2347 1489 2420 bifariam
1517 2349 1595 2421 in
1624 2350 1709 2437 E,
1739 2361 1815 2420 et
1840 2349 2036 2421 inter
2067 2347 2127 2419 B
2148 2349 2232 2436 E,
2272 2348 2331 2420 B
2354 2348 2419 2419 D
2458 2367 2791 2419 sumatur

729 2461 971 2533 media
1021 2460 1590 2557 proportionalis
1654 2462 1714 2534 B
1738 2461 1816 2551 F,
1873 2461 2243 2556 ductaque
2303 2459 2370 2531 A
2395 2459 2450 2530 F
2514 2458 2792 2555 produ-

729 2585 941 2646 catur
975 2574 1071 2647 ad
1104 2597 1490 2647 occursum
1536 2575 1684 2648 CD
1730 2576 2110 2672 productae
2162 2575 2236 2646 in
2289 2575 2373 2662 G,
2427 2572 2790 2668 complea-

729 2697 992 2782 turque
1049 2687 1806 2784 parallelogrammum
1868 2690 1933 2760 A
1965 2689 2024 2761 C
2051 2688 2115 2760 G
2146 2689 2243 2760 H.
2372 2687 2558 2759 Dico
2620 2687 2685 2757 A
2714 2687 2784 2758 H

725 2821 887 2871 esse
920 2799 1457 2895 longitudinem
1494 2803 1898 2897 quaesitam.

828 2912 987 2984 Fiat
1021 2912 1217 2985 enim
1248 2925 1334 2985 ut
1369 2915 1555 2987 ratio
1593 2915 1965 3012 duplicata
1996 2913 2090 2986 ad
2123 2913 2487 2986 rationem
2516 2911 2788 3006 simpli-

729 3049 911 3113 cem,
949 3025 1057 3096 ita
1114 3025 1179 3096 A
1205 3025 1276 3096 H
1330 3026 1425 3100 ad
1466 3028 1707 3118 aliam,
1758 3028 1820 3100 A
1850 3029 1926 3111 1;
1981 3027 2268 3122 eritque
2313 3027 2435 3099 Al
2473 3024 2791 3098 semissis

726 3136 794 3207 A
820 3136 891 3207 H
920 3164 936 3212 ι
991 3137 1448 3233 ducaturque
1484 3140 1609 3212 IK
1644 3139 1994 3236 parallela
2044 3151 2266 3211 rectae
2319 3138 2384 3209 A
2407 3138 2490 3227 C,
2536 3160 2790 3209 secans

728 3249 1188 3344 diagonalem
1236 3251 1303 3321 A
1325 3251 1391 3323 D
1439 3252 1517 3323 in
1567 3253 1635 3324 K
1674 3264 1750 3325 et
1783 3263 2063 3324 rectam
2096 3251 2163 3321 A
2185 3250 2249 3322 G
2288 3251 2366 3321 in
2403 3251 2482 3322 L.
2589 3249 2790 3322 Quo-

728 3361 926 3434 niam
961 3385 1136 3458 ergo
1187 3362 1312 3435 AI
1365 3375 1478 3436 est
1527 3364 1844 3437 semissis
1894 3364 1961 3435 A
1985 3363 2084 3452 H,
2138 3362 2279 3434 erit
2331 3385 2622 3457 quoque
2674 3362 2709 3433 Ι
2731 3361 2796 3432 L

730 3473 1049 3546 semissis
1097 3474 1157 3546 B
1181 3474 1272 3563 D,
1321 3476 1398 3548 id
1447 3489 1582 3566 est,
1641 3475 1939 3572 aequalis
1990 3474 2154 3562 BE,
2201 3486 2278 3545 et
2328 3474 2452 3546 IK
2490 3472 2792 3568 aequalis

732 3586 892 3658 BF.
1022 3586 1205 3659 Cum
1243 3588 1437 3660 enim
1467 3589 1641 3679 BD,
1679 3588 1755 3660 id
1789 3600 1903 3660 est
1937 3587 2122 3669 GH,
2159 3586 2324 3674 BF,
2365 3586 2530 3674 BE,
2570 3587 2645 3658 id
2680 3599 2792 3658 est

730 3701 765 3772 Ι
789 3700 871 3788 L,
934 3699 1083 3772 sint
1144 3700 1491 3772 continue
1544 3699 2156 3797 proportionaleS,
2220 3711 2438 3771 erunt
2501 3722 2791 3794 quoque

729 3811 916 3899 AH,
969 3812 1037 3883 A
1061 3812 1144 3897 B,
1203 3813 1326 3884 AI
1391 3816 1739 3887 continue
1790 3812 2398 3910 proportionales.
2509 3810 2655 3884 Sed
2709 3823 2795 3883 ut

728 3924 880 3996 AB
914 3924 1193 4010 adAl,
1242 3925 1385 3998 hoc
1432 3940 1567 4013 est,
1617 3940 1704 3999 ut
1755 3926 1921 3998 AH
1967 3926 2061 3998 ad
2113 3926 2289 4014 AB,
2325 3925 2434 3997 ita
2489 3924 2645 3997 BD
2698 3923 2794 3997 ad

733 4038 884 4126 IK,
933 4049 1010 4110 et
1063 4038 1171 4110 ita
1212 4039 1433 4112 etiam
1488 4041 1682 4127 GH,
1731 4041 1809 4113 id
1856 4052 1969 4112 est
2026 4039 2199 4128 BD,
2236 4038 2333 4111 ad
2369 4038 2564 4122 BF;
2620 4052 2793 4111 sunt

728 4172 905 4245 ergo
959 4150 1127 4239 BF,
1185 4151 1310 4223 ΙΚ
1370 4153 1709 4248 aequales.
1809 4152 1973 4224 Jam
2029 4151 2218 4223 ratio
2280 4150 2449 4222 AH
2513 4151 2610 4222 ad
2667 4150 2792 4221 ΑΙ

728 4262 1097 4355 duplicata
1132 4276 1246 4335 est
1278 4266 1584 4337 rationis
1620 4265 1687 4337 A
1720 4265 1778 4335 B
1814 4265 1911 4336 ad
1947 4266 2006 4334 A
2037 4264 2098 4351 l,
2132 4263 2275 4335 hoc
2311 4277 2446 4352 est,
2486 4263 2796 4335 rationis

732 4373 795 4447 B
820 4373 889 4446 D
922 4376 1018 4449 ad
1064 4376 1219 4465 IK,
1255 4377 1407 4450 sive
1443 4377 1507 4449 G
1530 4379 1603 4450 H
1641 4377 1737 4450 ad
1789 4376 1816 4447 1
1851 4377 1962 4459 K;
2016 4375 2156 4447 erit
2208 4399 2387 4471 ergo
2434 4388 2797 4470 punctum
