3182 5102
834 456 942 507 nn
979 456 1315 510 memus
1355 448 2454 513 nnr1c1ENr113us.2ll

397 620 495 692 ad
550 620 851 716 planum
911 624 1328 697 ABEFC.
1433 625 1642 697 Sicut
1688 625 1883 698 enim
1938 624 2118 714 AB,
2176 624 2466 698 decres-
2500 631 2672 681 PARS
2708 633 2814 685 111

400 734 634 807 cendo
654 758 787 830 per
810 735 1073 809 lineam
1100 737 1160 809 B
1185 738 1245 809 E
1273 737 1330 809 F
1351 737 1431 824 C,
1463 736 1538 810 in
1562 749 1894 834 tempore
1916 737 1975 810 C
2001 737 2067 810 D
2095 738 2465 813 evanescit
2520 701 2803 804 ᾧ

399 844 476 918 in
524 860 883 941 punctum
918 850 998 939 C,
1037 850 1143 922 ita
1192 850 1250 922 C
1277 850 1366 938 D,
1398 850 1536 946 ipsi
1591 852 1651 921 A
1680 850 1740 922 B
1792 849 2114 945 aequaliS,
2168 849 2459 924 decres·
2482 833 2639 947 ng?
2617 837 2866 950 Ηῗᾶζῗ
2736 837 2840 885 ‘⁰³st

397 959 632 1032 cendo
666 984 812 1089 per·
832 961 1138 1034 eandem
1169 961 1435 1035 lineam
1474 962 1532 1034 C
1555 963 1611 1034 F
1631 964 1691 1035 E
1715 963 1800 1051 Β,
1837 962 2095 1035 eodem
2128 974 2506 1076 tempore
2482 963 2641 1026 1³¹00¹¹²
2643 974 2784 1015 ”utum

398 1073 770 1146 evanescit
794 1075 867 1147 in
897 1086 1253 1171 punctum
1274 1076 1358 1163 Β,
1382 1074 1754 1171 descripta
1783 1087 1989 1148 recta
2013 1075 2079 1148 D
2109 1076 2169 1147 Β
2192 1077 2460 1171 aequali
2509 1044 2628 1078 uum
2651 1032 2789 1080 ’.ω’

396 1184 459 1255 Α
493 1185 571 1258 C.
678 1187 867 1259 Sunt
916 1212 1091 1285 ergo
1139 1189 1566 1262 velocitates
1623 1189 1886 1285 quibus
1943 1188 2460 1263 describuntur

396 1298 456 1369 A
484 1299 543 1372 C
594 1312 672 1373 et
723 1300 789 1373 D
816 1302 900 1389 Β,
953 1302 1148 1375 inter
1199 1327 1277 1375 se
1327 1302 1668 1399 aequales.
1775 1303 2054 1375 Rursus
2109 1304 2458 1399 quoniam

394 1423 749 1510 tempore,
810 1440 956 1510 quo
1015 1428 1374 1513 punctum
1422 1417 1486 1489 O
1540 1415 1891 1489 describit
1943 1429 2223 1489 rectam
2275 1418 2339 1490 O
2370 1419 2455 1507 E,

394 1527 653 1600 eodem
703 1540 1033 1625 tempore
1080 1542 1438 1626 punctum
1476 1530 1525 1603 S
1561 1529 1911 1603 describit
1962 1542 2241 1603 rectam
2292 1530 2341 1602 S
2368 1532 2454 1620 E,

393 1639 536 1713 erit
571 1641 635 1713 O
662 1642 722 1713 E
774 1641 869 1714 ad
905 1643 953 1714 S
983 1643 1043 1714 E
1084 1654 1171 1715 ut
1202 1642 1552 1715 velocitas
1604 1666 1750 1737 qua
1800 1641 2242 1715 describitur
2275 1643 2339 1715 O
2368 1644 2453 1732 Ε,

392 1753 488 1825 ad
536 1753 1002 1828 velocitatem
1053 1780 1198 1852 qua
1257 1755 1697 1828 describitur
1742 1755 1791 1827 S
1814 1755 1898 1827 E.
2001 1755 2098 1828 Et
2148 1768 2453 1852 propter

393 1867 700 1939 eandem
735 1891 1028 1940 causam
1073 1868 1146 1942 Ω
1175 1868 1230 1939 F
1263 1868 1404 1940 erit
1455 1867 1551 1940 ad
1605 1868 1748 1939 RF
1796 1879 1881 1939 ut
1925 1867 2273 1940 velocitas
2307 1892 2454 1964 qua

392 1977 831 2052 describitur
888 1981 961 2055 Ω
987 1981 1065 2069 F,
1114 1981 1209 2053 ad
1269 1980 1740 2054 velocitatem
1809 2004 1954 2076 qua
2014 1979 2453 2054 describitur

392 2092 460 2163 R
485 2092 589 2176 F;
644 2104 720 2164 et
777 2092 882 2165 sic
943 2092 1035 2166 de
1103 2095 1389 2167 caeteris
1454 2093 1793 2167 omnibus
1855 2091 2242 2189 parallelis,
2347 2093 2454 2166 Ut

397 2229 573 2301 ergo
599 2219 845 2295 rectae,
869 2232 1033 2304 quae
1058 2220 1231 2280 sunt
1252 2207 1620 2304 parallelae
1653 2206 1866 2279 lateri
1891 2205 2021 2278 AB
2051 2205 2449 2278 terminan-

390 2331 655 2414 turque
689 2320 765 2393 in
797 2320 993 2394 linea
1028 2321 1088 2393 B
1115 2322 1175 2393 E
1203 2321 1260 2393 F
1281 2321 1362 2410 C,
1399 2333 1570 2394 sunt
1616 2342 1976 2392 mensurae
2013 2330 2449 2414 temporum,

390 2430 495 2504 ita
547 2445 769 2505 rectae
808 2458 973 2529 quae
1020 2444 1194 2506 sunt
1233 2433 1600 2529 parallelae
1643 2431 1856 2505 lateri
1900 2431 1960 2503 B
1990 2431 2056 2504 D
2104 2431 2450 2505 termina-

388 2557 631 2641 taeque
679 2545 757 2619 in
842 2547 1098 2620 eadem
1176 2547 1373 2621 linea
1428 2547 1488 2620 B
1520 2548 1580 2620 E
1613 2546 1747 2619 FC
1777 2602 1798 2635 ,
1861 2557 2034 2618 sunt
2089 2569 2449 2619 mensurae

387 2659 888 2733 velocitatum.
990 2661 1182 2733 Nam
1238 2660 1402 2757 (per
1449 2660 1719 2733 lemma
1758 2661 1820 2752 1)
1862 2659 1938 2731 in
1985 2682 2131 2753 qua
2164 2660 2449 2732 ratione

388 2784 752 2868 augentur
815 2773 1266 2861 velocitateS,
1336 2773 1410 2845 in
1478 2773 1734 2845 eadem
1802 2783 2165 2868 augentur
2224 2785 2447 2846 rectae

389 2884 647 2957 eodem
668 2896 998 2981 tempore
1018 2909 1407 2981 percursae,
1433 2909 1697 2981 nempe
1721 2885 1794 2959 Ω
1816 2885 1894 2973 F,
1918 2885 1983 2956 O
2004 2884 2089 2975 Ε,
2115 2884 2175 2956 Β
2200 2884 2290 2974 D,
2319 2887 2443 2958 διο.

483 2998 647 3072 Jam
699 2996 912 3070 lineae
963 2998 1105 3071 iuae
1157 3022 1410 3071 omnes
1463 2999 1536 3073 Ω
1561 3000 1642 3087 F,
1673 2999 1737 3071 O
1763 2999 1846 3089 E,
1886 2998 1946 3069 Β
1977 2998 2066 3086 D,
2111 3000 2235 3071 διο.
2273 3023 2446 3071 con-

388 3110 708 3183 stituunt
734 3111 1033 3206 planum
1069 3111 1135 3184 D
1159 3111 1219 3183 B
1246 3113 1306 3184 E
1334 3112 1391 3184 F
1420 3112 1523 3196 C;
1578 3124 1656 3184 et
1703 3111 1916 3184 lineae
1968 3135 2222 3184 omnes
2260 3112 2332 3183 H
2365 3111 2442 3200 F,

388 3223 559 3312 GE,
633 3223 806 3312 AB,
860 3225 984 3296 διο.
1037 3224 1117 3297 id
1184 3236 1297 3297 est
1348 3248 1602 3297 omnes
1653 3224 1813 3312 ES,
1868 3223 2034 3311 FR,
2091 3223 2262 3311 CA,
2317 3225 2442 3296 διο.

387 3335 848 3410 constituunt
879 3336 1178 3432 planum
1212 3337 1279 3409 A
1302 3337 1360 3409 C
1381 3336 1439 3407 F
1461 3337 1522 3408 E
1546 3336 1630 3408 B.
1736 3335 2065 3410 Quarum
2102 3334 2243 3408 illae
2272 3349 2446 3409 sunt

385 3461 867 3546 aggregatum
918 3450 1417 3539 velocitatum,
1460 3449 1577 3522 hae
1631 3460 2111 3545 aggregatum
2167 3460 2446 3544 tempo-

385 3586 570 3634 rum.
677 3563 781 3635 Ut
833 3562 1060 3660 igitur
1105 3576 1585 3662 aggregatum
1628 3562 2102 3635 velocitatum
2154 3561 2249 3635 ad
2316 3586 2443 3658 ag-

383 3687 772 3772 gregatum
806 3688 1243 3773 temporum,
1269 3677 1376 3751 ita
1395 3675 2012 3771 complementum
2042 3675 2108 3746 D
2139 3675 2199 3746 Β
2223 3675 2283 3746 Ε
2306 3674 2363 3746 F
2384 3675 2443 3748 C

385 3788 479 3860 ad
530 3790 841 3884 figuram
892 3790 958 3861 A
987 3789 1047 3861 B
1070 3790 1130 3861 E
1154 3790 1209 3861 F
1238 3789 1319 3862 C.
1424 3788 1800 3884 Siquidem
1873 3810 2049 3883 ergo
2117 3787 2441 3861 rationes

386 3900 535 3973 DB
582 3901 678 3974 ad
739 3902 914 3991 OE,
965 3915 1042 3976 et
1102 3903 1248 3975 OE
1315 3902 1411 3975 ad
1473 3902 1628 3977 QF
1679 3901 1956 3974 fuerint
2012 3900 2284 3996 ubique
2323 3924 2439 3973 ra-

384 4014 670 4088 tionum
738 4019 800 4087 A
832 4016 892 4087 Β
951 4016 1046 4088 ad
1113 4015 1281 4105 GE,
1345 4028 1422 4089 et
1482 4015 1627 4088 GE
1708 4014 1804 4087 ad
1876 4013 2031 4085 HF
2097 4013 2441 4110 (exempli

386 4129 634 4220 causa)
708 4128 1120 4224 triplicatae,
1191 4142 1407 4202 erunt
1468 4129 1628 4202 vice
1681 4152 1894 4201 versa
1943 4127 2265 4199 rationes
2311 4127 2438 4199 OE

338 4238 480 4312 -ad
533 4240 708 4330 DB,
765 4253 842 4314 et
893 4241 1050 4316 ΩΒ
1119 4242 1214 4315 ad
1260 4244 1431 4330 OE,
1494 4243 1865 4316 rationum
1928 4239 2072 4312 GE
2126 4239 2221 4312 ad
2287 4239 2437 4312 AB

340 4379 347 4412 :
388 4363 462 4424 et
497 4353 569 4424 H
595 4353 777 4425 Fad
824 4353 888 4426 G
911 4355 971 4426 E
1024 4354 1570 4450 subtriplicatae.
1676 4354 1924 4429 Quare
1956 4365 2436 4449 aggregatum

2012 4488 2060 4537 P
2094 4475 2138 4538 2
