3182 5102
1046 462 1151 513 nn
1192 463 1683 515 vocABnms.
2305 446 2400 513 25

321 638 636 734 exempli
690 638 956 735 gratia,
1012 636 1292 712 animal
1338 663 1611 714 nomen
1665 650 1779 712 est
1832 638 2406 733 uniuscujusque

321 751 665 841 hominis,
751 761 829 824 et
908 751 1076 825 ideo
1139 752 1474 826 continet
1540 753 1618 825 in
1689 775 1766 825 se
1832 774 2103 824 nomen
2172 748 2405 839 homo,

325 889 494 938 cum
555 876 820 938 contra
872 865 1262 938 non-homo
1323 890 1596 939 nomen
1664 865 1762 938 sit
1833 864 2409 959 uniuscujusque

326 979 436 1052 rei
495 979 698 1075 quod
772 1002 924 1051 non
989 988 1104 1052 est
1157 979 1454 1068 animal,
1520 978 1835 1074 ideoque
1900 1000 2173 1051 nomen
2239 1002 2415 1048 non-

330 1091 613 1165 animal
666 1092 867 1188 quod
914 1092 1220 1189 ponitur
1275 1092 1609 1190 superius
1645 1092 2070 1165 continetur
2103 1090 2196 1163 ab
2231 1089 2416 1164 infe·

330 1206 523 1280 riore
556 1205 856 1278 nomine
893 1205 1303 1278 non-homo.

426 1318 707 1408 Tertio,
743 1317 1152 1391 cavendum
1187 1330 1301 1391 est
1332 1342 1428 1391 ne
1462 1331 1833 1415 putemuS,
1858 1317 2051 1390 sicut
2084 1316 2410 1406 nomina,

332 1434 441 1506 ita
479 1432 706 1504 etiam
747 1454 997 1503 rerum
1038 1431 1364 1527 ipsarum
1407 1429 1872 1505 diversitates
1904 1428 2416 1526 hujuscemodi

335 1544 934 1619 distinctionibus
1001 1568 1136 1640 per
1203 1542 1786 1618 contradictoria
1848 1542 2222 1616 exhauriri
2282 1553 2413 1614 aut

335 1681 641 1731 numero
709 1656 1015 1728 limitari
1079 1680 1355 1753 posse;
1448 1669 1579 1730 aut
1650 1666 2175 1752 argumentum
2241 1654 2414 1727 inde

336 1771 526 1845 sumi
563 1770 682 1865 (ut
715 1769 1024 1843 ridicule
1060 1769 1357 1867 quidam
1389 1770 1760 1865 fecerunt)
1802 1769 1899 1842 ad
1951 1767 2415 1865 probandum

338 1909 583 1958 rerum
616 1883 944 1980 ipsarum
980 1882 1260 1980 species
1294 1907 1446 1958 non
1483 1907 1644 1958 esse
1677 1883 2029 1957 infinitas

441 1999 754 2087 Quarto,
789 1998 964 2071 nolo
1002 2021 1442 2094 quemquam
1478 1997 1850 2087 arbitrari,
1878 1996 2252 2094 predictas
2284 1996 2418 2069 has

335 2111 691 2185 formulas
725 2135 861 2207 pro
899 2122 1105 2183 certa
1138 2123 1216 2185 et
1246 2135 1424 2184 vera
1455 2110 1841 2184 nominum
1876 2108 2342 2182 ordinatione
2376 2131 2422 2181 a

340 2249 459 2297 me
526 2223 904 2307 exhiberi;
982 2247 1156 2297 nam
1239 2224 1663 2320 hujusmodi
1731 2222 2099 2297 ordinatio
2167 2221 2310 2295 nisi
2378 2245 2425 2293 a

340 2337 808 2435 philosophia
857 2336 1191 2433 perfecta
1241 2336 1580 2409 stabiliri
1614 2361 1768 2410 non
1818 2347 2118 2433 potest3
2182 2358 2422 2430 neque

345 2451 406 2525 si
476 2475 640 2548 ego,
709 2449 1024 2547 exempli
1092 2474 1335 2539 causa,
1403 2450 1645 2523 lucem
1713 2450 1791 2522 in
1849 2449 2423 2546 praedicamento

348 2565 811 2661 qualitatum,
860 2564 1049 2637 alter
1094 2564 1172 2636 in
1218 2563 1794 2661 praedicamento
1849 2588 2243 2660 corporum
2276 2561 2427 2635 col-

346 2677 567 2766 locet,
625 2677 722 2751 ob
757 2700 920 2749 eam
970 2699 1128 2748 rem
1178 2689 1308 2749 aut
1341 2701 1479 2774 ego
1514 2677 1747 2766 illum,
1801 2688 1931 2749 aut
1964 2676 2086 2749 ille
2121 2699 2238 2748 me
2272 2676 2422 2748 ullo

349 2790 567 2864 modo
651 2789 1056 2863 dimovebit
1121 2815 1168 2863 a
1228 2790 1644 2875 sententia3
1737 2790 1881 2863 hoc
1949 2790 2144 2862 enim
2207 2812 2425 2885 argu-

348 2903 618 2976 mentis
645 2914 723 2976 et
749 2902 1282 2991 ratiocinando,
1310 2926 1460 2975 non
1489 2901 1972 2999 dispositione
1998 2901 2426 2975 vocularum

349 3014 770 3090 faciendum
805 3026 939 3088 est.

449 3129 832 3201 Postremo
880 3126 1123 3199 fateor
1164 3149 1282 3198 me
1329 3126 2070 3222 praedicamentorum
2104 3149 2321 3198 usum
2352 3125 2431 3197 in

351 3240 818 3339 philosophia
898 3239 1254 3313 hactenus
1320 3263 1474 3313 non
1534 3265 1883 3338 magnum
1949 3238 2430 3336 perspexisse.

356 3354 569 3451 Cepit
580 3354 845 3450 opinor
853 3352 1331 3425 Aristotelem
1348 3353 1577 3426 libido
1589 3353 1926 3449 quaedam
1943 3377 2080 3449 pro
2103 3352 2434 3425 authori-

355 3480 511 3541 tate
545 3492 701 3551 sua,
758 3491 928 3539 cum
959 3490 1208 3540 rerum
1241 3490 1394 3539 non
1425 3479 1703 3563 posset,
1762 3468 2151 3540 verborum
2185 3478 2432 3538 tamen

359 3604 660 3653 censum
692 3578 1146 3676 peragendi3
1201 3602 1339 3675 ego
1388 3592 1639 3653 autem
1682 3580 1879 3653 idem
1933 3579 2054 3652 hic
2088 3578 2255 3668 feci,
2304 3579 2435 3652 sed

361 3717 446 3766 eo
498 3694 672 3781 fine,
721 3704 810 3764 ut
860 3692 1095 3788 qualis
1143 3716 1261 3765 res
1296 3691 1393 3765 sit
1426 3692 1908 3789 intelligatur,
1961 3718 2113 3766 non
2163 3705 2250 3765 ut
2300 3717 2435 3789 pro

360 3831 532 3879 vero
567 3830 837 3879 vocum
872 3805 1156 3895 ordine,
1191 3805 1335 3879 nisi
1366 3818 1763 3903 postquam
1785 3806 2072 3880 ratione
2099 3830 2437 3903 compro-

360 3919 679 4010 babitur,
714 3919 1138 3993 habendum
1172 3919 1292 3993 sit.

2495 666 2670 715 PARS
2695 664 2740 713 1.

2606 733 2654 779 2.
