3182 5102
777 499 883 551 DE
924 498 1352 552 umvnaso
1396 500 1494 550 Εἰ·
1533 498 2034 551 SYDERIBUS.
2292 486 2420 550 361

364 667 715 742 trinitatis
783 681 1027 759 terrae,
1095 670 1276 743 item
1337 672 1553 767 juxta
1620 669 2045 766 Keplerum,
2108 667 2234 763 qui
2299 690 2435 764 pro
2503 674 2676 788 PAR?
2717 675 2806 724 IV·

363 804 587 855 causa
636 783 1210 856 excentricitatis
1261 784 1612 880 supponit
1661 794 1953 879 partem
1999 794 2217 855 terrae
2254 781 2423 853 alte·
2519 743 2778 845 ——3r—⁴

362 918 522 966 ram
590 896 725 969 soli
793 897 1128 985 amicam,
1215 898 1521 970 alteram
1586 897 1985 984 inimicam,
2059 905 2437 991 oporteret
2460 879 2787 1006 §ssgoebnh

363 1032 748 1104 apogaeum
769 1022 845 1083 et
869 1011 1271 1108 perigaeum
1293 1011 1464 1084 solis
1487 1011 1748 1084 eodem
1783 1010 2041 1084 ordine
2077 1019 2152 1081 et
2179 1008 2433 1081 eadem
2458 1009 2854 1072 ²¹1¹¹³¹²0¹¹⁰¹¹¹¹¹²·

363 1120 753 1196 velocitate
789 1123 1181 1218 quotannis
1215 1124 1516 1213 moveri,
1555 1148 1700 1220 quo
1736 1134 2127 1196 moventur
2158 1132 2437 1218 puncta

364 1234 929 1329 aequinoctialia,
966 1249 1041 1309 et
1092 1236 1184 1309 ab
1226 1236 1314 1309 iis
1366 1236 1642 1309 distare
1693 1259 1981 1331 semper
2030 1234 2435 1330 quadrante

365 1348 642 1420 circuli.
748 1350 916 1422 Hoc
951 1360 1196 1422 autem
1227 1349 1389 1421 fieri
1422 1372 1574 1422 non
1610 1348 1926 1436 videtur,
1975 1371 2143 1420 cum
2185 1347 2435 1420 dicant

364 1459 767 1533 astronomi
821 1460 1265 1556 aequinoctia
1313 1461 1697 1534 recessisse
1741 1461 1918 1556 jam,
1972 1460 2283 1532 alterum
2335 1469 2432 1532 28

362 1572 635 1668 gradus
687 1597 733 1645 a
772 1574 1010 1669 prima
1058 1574 1272 1646 stella
1319 1573 1591 1662 arietiS,
1636 1573 1947 1646 alterum
2000 1572 2434 1645 tantundem

364 1686 457 1759 ab
494 1686 703 1758 initio
740 1686 995 1770 librae;
1050 1709 1275 1783 quare
1331 1710 1715 1782 apogaeum
1763 1685 1960 1768 solis,
2015 1685 2168 1758 sive
2217 1697 2435 1757 terrae

365 1799 731 1894 aphelium
768 1799 1069 1871 deberet
1104 1823 1259 1872 esse
1292 1799 1366 1870 in
1401 1799 1640 1895 gradu
1665 1806 1761 1871 28
1798 1799 2066 1871 cancri.
2131 1798 2436 1871 Putatur

366 1923 612 1985 tamen
672 1936 830 1986 esse
891 1912 968 1985 in
1035 1912 1273 2008 gradu
1328 1915 1396 1993 7.
1529 1912 1755 2008 Cujus
1821 1912 1929 1984 rei
1989 1934 2211 1984 causa
2275 1934 2433 1984 esse

364 2036 632 2120 potest,
668 2025 868 2120 quod
900 2025 1006 2097 sol
1055 2049 1224 2098 cum
1274 2024 1696 2120 longissime
1731 2024 1956 2096 distat
1990 2048 2036 2096 a
2085 2036 2305 2112 terra,
2358 2023 2437 2096 id

366 2151 501 2227 est,
566 2163 735 2211 cum
788 2150 899 2211 est
964 2139 1040 2211 in
1108 2163 1435 2235 apogaeO,
1504 2150 1780 2211 terram
1844 2136 2085 2209 minus
2143 2137 2436 2210 fortiter

367 2263 631 2339 movet,
692 2252 890 2325 unde
944 2255 1030 2325 fit
1080 2266 1165 2326 ut
1224 2252 1379 2324 dies
1432 2251 1804 2324 naturales
1856 2250 2223 2346 longiores
2285 2250 2435 2322 sint

365 2376 620 2438 aestate
689 2390 909 2461 quam
967 2366 1230 2439 hieme.
1380 2364 1746 2439 Quoniam
1803 2387 1979 2460 ergo
2033 2363 2431 2437 astronomi

366 2478 539 2551 solis
572 2502 952 2576 apogaeum
986 2480 1431 2577 investigant
1456 2503 1590 2576 per
1624 2501 2010 2550 numerum
2039 2477 2322 2550 dierum
2356 2489 2432 2550 et

365 2592 714 2666 horarum
755 2593 963 2689 quasi
1008 2617 1139 2689 per
1185 2605 1428 2666 totum
1480 2617 1757 2666 annum
1810 2592 2222 2687 aequalium,
2277 2592 2430 2665 falli

366 2717 792 2801 potuerunt,
828 2720 905 2778 et
939 2707 1226 2803 apsides
1260 2718 1520 2802 putare
1553 2706 1718 2802 plus
1754 2704 2026 2779 distare
2061 2730 2106 2778 a
2137 2706 2431 2801 punctis

367 2819 998 2914 aequinoctialibus
1064 2844 1281 2915 quam
1343 2820 1750 2915 quadrante
1815 2819 2125 2902 circuli3
2205 2843 2434 2914 quan-

368 2956 587 3028 quam
653 2932 813 3004 fieri
882 2932 957 3005 id
1025 2932 1316 3005 videtur
1391 2955 1543 3005 non
1624 2956 1862 3028 posse,
1949 2956 2116 3006 cum
2189 2944 2434 3005 motus

367 3044 705 3116 absidum
740 3056 1088 3140 sequatur
1120 3045 1531 3117 necessario
1564 3056 1844 3140 puncta
1873 3044 2432 3141 aequinoctialia.

469 3156 843 3247 Similiter,
868 3156 1501 3230 excentricitatum
1540 3157 1860 3246 Saturni,
1887 3158 1932 3229 J
1938 3157 2118 3247 ovis,
2148 3157 2435 3243 MartiS‚

369 3268 740 3358 Mercurii,
776 3293 1031 3343 causas
1066 3294 1217 3343 non
1251 3270 1559 3366 attingo.
1666 3271 1854 3344 Cum
1888 3283 2137 3343 tamen
2172 3294 2434 3343 excen-

368 3381 649 3455 tricitas
673 3393 892 3455 terrae
921 3382 1096 3455 oriri
1122 3384 1377 3478 possit,
1406 3396 1493 3455 ut
1520 3383 1998 3472 ostendimuS,
2026 3408 2072 3455 a
2104 3383 2433 3456 dissimili

366 3506 632 3566 natura
663 3494 1017 3568 facierum
1050 3508 1267 3569 terrae
1312 3496 1448 3569 soli
1481 3497 1904 3570 alternatim
1940 3496 2432 3583 obversarum,

368 3606 712 3679 credibile
783 3618 894 3680 est
957 3607 1344 3681 dissimiles
1412 3633 1702 3706 quoque
1755 3633 1916 3682 esse
1981 3609 2123 3682 illis
2181 3609 2429 3701 facieS,

364 3718 628 3814 quibus
661 3719 934 3793 similes
967 3720 1044 3793 in
1080 3719 1256 3815 ipsis
1294 3720 1596 3794 effectus
1629 3722 2148 3817 producantur.

462 3834 707 3928 Atque
788 3832 950 3905 haec
1033 3833 1235 3905 dicta
1301 3833 1448 3905 sint
1518 3833 1612 3905 de
1690 3834 1995 3931 physica
2076 3836 2428 3931 syderea;

364 3969 679 4041 quorum
745 3946 1231 4042 phaenomena
1290 3945 1430 4019 etsi
1488 3970 1641 4019 non
1709 3948 2043 4020 oriantur
2093 3972 2134 4021 a
2194 3949 2432 4046 causis

363 4083 546 4156 quas
631 4059 1007 4155 supposui,
1091 4082 1215 4132 eas
1298 4069 1544 4131 tamen
1614 4061 2024 4156 suppositas
2097 4060 2195 4133 ad
2258 4062 2434 4135 talia

360 4174 846 4269 phaenomena
870 4172 1371 4268 ³producenda
1420 4172 1720 4246 idoneas
1771 4198 1929 4248 esse
1980 4176 2430 4250 demonstra-

360 4286 620 4376 vimus,
661 4297 744 4359 ut
778 4296 937 4358 erat
969 4286 1062 4358 ab
1097 4284 1310 4358 initio
1342 4288 1820 4383 propositum.
