3182 5102
366 659 542 709 PARS
580 660 662 709 1V.

472 728 553 851 Qu.

337 850 548 887 evocans
603 856 677 888 ar-

337 905 497 953 ticulis
514 856 691 954 flulidis.

725 470 874 535 ’388
1572 487 1953 537 PanmA.

726 651 1106 748 particulis
1160 650 1362 724 duris
1412 651 1508 725 sit
1558 666 2015 741 concretum,
2058 677 2221 748 quae
2268 664 2519 725 tamen
2564 651 2799 748 parti-

726 763 917 837 culae
964 764 1200 837 laxius
1253 776 1425 838 ante
1474 766 1672 839 inter
1706 791 1782 839 se
1819 767 2311 855 cohaerebant,
2361 766 2798 838 intermistis

735 878 1010 951 scilicet
1062 878 1311 950 multis
1393 879 1774 974 particulis
1835 880 2128 962 fluidis;
2207 892 2455 976 partes
2521 879 2793 965 fiuidae,

736 991 855 1084 (ut
887 1002 1260 1064 ostensum
1291 1003 1404 1065 est
1438 1016 1596 1088 cap.
1635 1016 1816 1066 xxl.
1846 1006 1985 1066 art.
2022 994 2345 1087 ultimo),
2382 994 2796 1067 evocabun-

733 1116 878 1178 tur.
983 1104 1231 1178 Quare
1260 1104 1404 1177 illae
1435 1104 1817 1201 particulae
1853 1105 2079 1195 durae,
2108 1106 2359 1179 alterae
2393 1105 2492 1178 ad
2525 1106 2796 1179 alteras

731 1217 1133 1290 secundum
1171 1220 1485 1314 majores
1520 1220 1938 1315 superficies
1976 1243 2131 1293 sese
2167 1220 2663 1316 applicabunt,
2722 1233 2798 1292 et

729 1332 1040 1426 proinde
1092 1333 1365 1406 arctius
1414 1334 1609 1406 inter
1659 1357 1736 1405 se
1769 1334 2292 1417 cohaerebunt;
2347 1333 2420 1406 id
2473 1346 2610 1417 est,
2665 1334 2797 1407 fiet

732 1455 975 1518 totum
1009 1447 1282 1520 durius.

840 1568 950 1632 10.
1006 1559 1309 1649 RursuS,
1367 1559 1444 1632 in
1497 1559 1934 1654 quibusdam
1990 1560 2207 1633 rebus
2262 1559 2439 1633 oriri
2499 1551 2796 1632 duritiei

459 1659 530 1755 οη,
620 1659 706 1755 {⁰12⁰
729 1671 1000 1767 gradus
1054 1671 1313 1768 aliquis
1367 1673 1589 1751 etiam
1641 1673 1784 1746 hoc
1827 1673 2047 1746 modo
2101 1684 2372 1769 potest.
2478 1672 2796 1747 Quando

315 3917 690 4028 dura⁸quomofio

316 4030 642 4094 emolliuntur.

660 1790 706 1822 ⁰·
731 1785 1020 1857 humori
1052 1784 1269 1858 alicui
1304 1785 1751 1882 interspersa
1784 1797 1957 1857 sunt
1994 1787 2427 1881 corpuscula
2460 1786 2798 1880 quaedam

731 1897 1054 1987 minima,
1112 1897 1511 1994 eademque
1556 1909 1760 1970 mota
1812 1909 2019 1969 motu
2071 1898 2370 1995 proprio
2421 1899 2795 1995 simplice3

740 2011 965 2102 (unde
1022 2023 1098 2084 et
1149 2022 1396 2106 partes
1459 2011 1686 2106 ipsius
1752 2010 2080 2083 humoris
2139 2023 2349 2085 motu
2408 2024 2799 2085 moventur

733 2124 977 2216 simili)
1009 2155 1027 2208 ;
1076 2123 1295 2219 idque
1342 2123 1419 2196 in
1473 2123 1711 2219 spatio
1752 2134 1957 2196 arcto
1992 2124 2147 2211 fiat,
2193 2136 2279 2196 ut
2325 2125 2401 2197 in
2447 2125 2648 2221 globi
2681 2127 2801 2200 vel

735 2238 1119 2311 arctissimi
1171 2237 1405 2310 tubuli
1440 2262 1644 2326 cavo,
1694 2238 1931 2333 sitque
1977 2250 2219 2311 motus
2252 2239 2800 2314 vehementissi-

733 2376 918 2441 muS,
975 2363 1052 2425 et
1104 2352 1535 2448 corpuscula
1579 2352 1861 2425 inclusa
1914 2352 2089 2424 satis
2132 2353 2387 2441 multa,
2429 2353 2573 2425 duo
2627 2378 2803 2426 con-

737 2466 1076 2564 tingent;
1130 2466 1466 2555 alterum,
1514 2476 1602 2537 ut
1653 2465 2014 2563 liquidum
2058 2466 2420 2539 inclusum
2454 2478 2802 2540 conatum

734 2580 1102 2676 concipiat
1127 2602 1378 2653 versus
1401 2602 1654 2652 omnes
1690 2578 1905 2652 simul
1938 2589 2184 2675 partes
2215 2603 2372 2652 sese
2411 2580 2800 2665 dilatandi;

734 2693 1070 2780 alterum,
1106 2704 1193 2764 ut
1228 2703 1500 2787 negato
1527 2715 1862 2780 excursu,
1898 2705 2204 2787 propter
2236 2706 2480 2766 motus
2511 2695 2802 2766 reflexi-

735 2830 948 2879 onem
1013 2817 1255 2879 motus
1316 2805 1638 2900 partium
1696 2804 1955 2900 liquidi
2008 2804 2294 2894 inclusi,
2338 2806 2549 2880 fortis
2601 2819 2800 2896 ante,

734 2920 969 2993 multo
1004 2943 1200 2992 nunc
1238 2918 1333 2991 sit
1365 2918 1650 2992 fortior.
1758 2919 2028 3005 Quare,
2087 2918 2149 2991 si
2201 2920 2294 2992 ab
2348 2921 2591 3015 aliquo
2642 2945 2801 2993 mo-

736 3043 897 3105 tore
950 3045 1254 3106 externo
1290 3056 1437 3105 una
1470 3031 1716 3128 aliqua
1759 3034 1916 3128 ejus
1949 3033 2154 3105 fluidi
2185 3034 2547 3129 particula
2589 3036 2802 3131 ‘tangi

737 3157 813 3217 et
866 3145 1099 3241 premi
1151 3155 1423 3241 posset,
1473 3168 1559 3217 ea
1611 3145 1973 3240 particula
2023 3145 2283 3220 cedere
2333 3170 2488 3220 non
2549 3160 2803 3244 posset

737 3257 877 3330 nisi
914 3258 1023 3330 vis
1051 3258 1521 3330 adhiberetur
1554 3257 1731 3330 satis
1779 3259 2163 3332 sensibilis,
2267 3260 2590 3333 Gradum
2624 3286 2800 3358 ergo

735 3370 960 3444 habet
995 3371 1356 3444 inclusum
1402 3382 1479 3444 et
1513 3371 1618 3444 sic
1659 3384 2106 3445 commotum
2148 3373 2455 3447 fluidum
2503 3374 2803 3448 duritiei

736 3483 1075 3580 aliquem.
1180 3485 1422 3580 Major
1454 3496 1703 3558 autem
1749 3485 2076 3558 minorve
2109 3487 2381 3583 gradus
2426 3488 2722 3561 duritiei
2757 3514 2805 3562 a

739 3596 951 3691 copia
986 3609 1062 3671 et
1093 3597 1498 3681 velocitate
1529 3599 2129 3694 corpusculorum
2182 3616 2259 3673 et
2312 3602 2403 3673 ab
2460 3604 2804 3699 angustia

736 3709 881 3782 loci
917 3709 1282 3805 dependet
1317 3712 1788 3807 conjunctim.

845 3832 955 3896 ll.
1016 3823 1203 3897 Quae
1249 3848 1295 3897 a
1339 3825 1581 3897 calore
1629 3825 1874 3898 subito
1913 3826 2391 3901 indurescunt
2422 3841 2509 3901 ut
2560 3842 2795 3920 cocta,

737 3937 813 4008 in
849 3936 1161 4008 formam
1204 3938 1519 4033 priorem
1577 3938 2058 4012 emollescunt
2088 3941 2517 4037 plerumque
2552 3967 2598 4016 a
2643 3968 2799 4017 ma-

740 4049 1136 4123 ceratione.
1275 4050 1506 4124 Cocta
1573 4052 1768 4124 enim
1836 4053 2182 4150 pleraque
2248 4079 2382 4152 per
2450 4081 2799 4153 evaporae

668 4263 675 4268 .
740 4162 1017 4235 tionem
1051 4163 1533 4248 indurantur3
1586 4165 1933 4240 restituto
1971 4192 2146 4265 ergo
2175 4169 2434 4242 eodem
2466 4170 2797 4261 humore,

737 4275 1148 4349 restituitur
1215 4277 1435 4349 etiam
1507 4290 1774 4351 natura
1827 4281 2159 4377 pristina.
2273 4285 2461 4358 Quae
2525 4285 2799 4381 frigore

601 4416 609 4423 ·
739 4388 1124 4483 congelata
1162 4400 1355 4478 sunt,
1388 4402 1673 4463 mutata
1707 4392 1782 4464 in
1819 4395 2260 4468 contrariam
2299 4397 2589 4493 plagam
2617 4423 2802 4473 aura
